%YAML 1.1
%TAG !u! tag:unity3d.com,2011:
--- !u!29 &1
SceneSettings:
  m_ObjectHideFlags: 0
  m_PVSData: 
  m_PVSObjectsArray: []
  m_PVSPortalsArray: []
  m_OcclusionBakeSettings:
    smallestOccluder: 5
    smallestHole: 0.25
    backfaceThreshold: 100
--- !u!104 &2
RenderSettings:
  m_ObjectHideFlags: 0
  serializedVersion: 6
  m_Fog: 0
  m_FogColor: {r: 0.5, g: 0.5, b: 0.5, a: 1}
  m_FogMode: 3
  m_FogDensity: 0.01
  m_LinearFogStart: 0
  m_LinearFogEnd: 300
  m_AmbientSkyColor: {r: 0.212, g: 0.227, b: 0.259, a: 1}
  m_AmbientEquatorColor: {r: 0.114, g: 0.125, b: 0.133, a: 1}
  m_AmbientGroundColor: {r: 0.047, g: 0.043, b: 0.035, a: 1}
  m_AmbientIntensity: 1
  m_AmbientMode: 0
  m_SkyboxMaterial: {fileID: 10304, guid: 0000000000000000f000000000000000, type: 0}
  m_HaloStrength: 0.5
  m_FlareStrength: 1
  m_FlareFadeSpeed: 3
  m_HaloTexture: {fileID: 0}
  m_SpotCookie: {fileID: 10001, guid: 0000000000000000e000000000000000, type: 0}
  m_DefaultReflectionMode: 0
  m_DefaultReflectionResolution: 128
  m_ReflectionBounces: 1
  m_ReflectionIntensity: 1
  m_CustomReflection: {fileID: 0}
  m_Sun: {fileID: 0}
--- !u!157 &3
LightmapSettings:
  m_ObjectHideFlags: 0
  serializedVersion: 6
  m_GIWorkflowMode: 0
  m_LightmapsMode: 1
  m_GISettings:
    serializedVersion: 2
    m_BounceScale: 1
    m_IndirectOutputScale: 1
    m_AlbedoBoost: 1
    m_TemporalCoherenceThreshold: 1
    m_EnvironmentLightingMode: 0
    m_EnableBakedLightmaps: 1
    m_EnableRealtimeLightmaps: 1
  m_LightmapEditorSettings:
    serializedVersion: 3
    m_Resolution: 2
    m_BakeResolution: 40
    m_TextureWidth: 1024
    m_TextureHeight: 1024
    m_AOMaxDistance: 1
    m_Padding: 2
    m_CompAOExponent: 0
    m_LightmapParameters: {fileID: 0}
    m_TextureCompression: 1
    m_FinalGather: 0
    m_FinalGatherRayCount: 1024
    m_ReflectionCompression: 2
  m_LightingDataAsset: {fileID: 0}
  m_RuntimeCPUUsage: 25
--- !u!196 &4
NavMeshSettings:
  serializedVersion: 2
  m_ObjectHideFlags: 0
  m_BuildSettings:
    serializedVersion: 2
    agentRadius: 0.5
    agentHeight: 2
    agentSlope: 45
    agentClimb: 0.4
    ledgeDropHeight: 0
    maxJumpAcrossDistance: 0
    accuratePlacement: 0
    minRegionArea: 2
    cellSize: 0.16666667
    manualCellSize: 0
  m_NavMeshData: {fileID: 0}
--- !u!1 &12364361 stripped
GameObject:
  m_PrefabParentObject: {fileID: 100000, guid: 44fa26641cc3df847ad77e239d1f30da, type: 3}
  m_PrefabInternal: {fileID: 1998114168}
--- !u!4 &12364362 stripped
Transform:
  m_PrefabParentObject: {fileID: 400000, guid: 44fa26641cc3df847ad77e239d1f30da, type: 3}
  m_PrefabInternal: {fileID: 1998114168}
--- !u!64 &12364365
MeshCollider:
  m_ObjectHideFlags: 0
  m_PrefabParentObject: {fileID: 0}
  m_PrefabInternal: {fileID: 0}
  m_GameObject: {fileID: 12364361}
  m_Material: {fileID: 13400000, guid: b7576e8e94690fa4d957a8180011fc37, type: 2}
  m_IsTrigger: 0
  m_Enabled: 1
  serializedVersion: 2
  m_Convex: 0
  m_Mesh: {fileID: 4300000, guid: 44fa26641cc3df847ad77e239d1f30da, type: 3}
--- !u!4 &104385230 stripped
Transform:
  m_PrefabParentObject: {fileID: 400000, guid: 45aca106112fbc744a0b94cc9868ed2b, type: 3}
  m_PrefabInternal: {fileID: 1707595517}
--- !u!1001 &109637597
Prefab:
  m_ObjectHideFlags: 0
  serializedVersion: 2
  m_Modification:
    m_TransformParent: {fileID: 1224885621}
    m_Modifications:
    - target: {fileID: 400000, guid: 44fa26641cc3df847ad77e239d1f30da, type: 3}
      propertyPath: m_LocalPosition.x
      value: 0
      objectReference: {fileID: 0}
    - target: {fileID: 400000, guid: 44fa26641cc3df847ad77e239d1f30da, type: 3}
      propertyPath: m_LocalPosition.y
      value: 0
      objectReference: {fileID: 0}
    - target: {fileID: 400000, guid: 44fa26641cc3df847ad77e239d1f30da, type: 3}
      propertyPath: m_LocalPosition.z
      value: 8
      objectReference: {fileID: 0}
    - target: {fileID: 400000, guid: 44fa26641cc3df847ad77e239d1f30da, type: 3}
      propertyPath: m_LocalRotation.x
      value: 0
      objectReference: {fileID: 0}
    - target: {fileID: 400000, guid: 44fa26641cc3df847ad77e239d1f30da, type: 3}
      propertyPath: m_LocalRotation.y
      value: 0
      objectReference: {fileID: 0}
    - target: {fileID: 400000, guid: 44fa26641cc3df847ad77e239d1f30da, type: 3}
      propertyPath: m_LocalRotation.z
      value: 0
      objectReference: {fileID: 0}
    - target: {fileID: 400000, guid: 44fa26641cc3df847ad77e239d1f30da, type: 3}
      propertyPath: m_LocalRotation.w
      value: 1
      objectReference: {fileID: 0}
    - target: {fileID: 400000, guid: 44fa26641cc3df847ad77e239d1f30da, type: 3}
      propertyPath: m_RootOrder
      value: 3
      objectReference: {fileID: 0}
    - target: {fileID: 100000, guid: 44fa26641cc3df847ad77e239d1f30da, type: 3}
      propertyPath: m_Name
      value: col_TrackStraight_01 (16)
      objectReference: {fileID: 0}
    m_RemovedComponents: []
  m_ParentPrefab: {fileID: 100100000, guid: 44fa26641cc3df847ad77e239d1f30da, type: 3}
  m_IsPrefabParent: 0
--- !u!1 &140554012 stripped
GameObject:
  m_PrefabParentObject: {fileID: 100000, guid: 44fa26641cc3df847ad77e239d1f30da, type: 3}
  m_PrefabInternal: {fileID: 720471269}
--- !u!4 &140554013 stripped
Transform:
  m_PrefabParentObject: {fileID: 400000, guid: 44fa26641cc3df847ad77e239d1f30da, type: 3}
  m_PrefabInternal: {fileID: 720471269}
--- !u!64 &140554016
MeshCollider:
  m_ObjectHideFlags: 0
  m_PrefabParentObject: {fileID: 0}
  m_PrefabInternal: {fileID: 0}
  m_GameObject: {fileID: 140554012}
  m_Material: {fileID: 13400000, guid: b7576e8e94690fa4d957a8180011fc37, type: 2}
  m_IsTrigger: 0
  m_Enabled: 1
  serializedVersion: 2
  m_Convex: 0
  m_Mesh: {fileID: 4300000, guid: 44fa26641cc3df847ad77e239d1f30da, type: 3}
--- !u!1001 &147532278
Prefab:
  m_ObjectHideFlags: 0
  serializedVersion: 2
  m_Modification:
    m_TransformParent: {fileID: 1847960407}
    m_Modifications:
    - target: {fileID: 400000, guid: 45aca106112fbc744a0b94cc9868ed2b, type: 3}
      propertyPath: m_LocalPosition.x
      value: 0
      objectReference: {fileID: 0}
    - target: {fileID: 400000, guid: 45aca106112fbc744a0b94cc9868ed2b, type: 3}
      propertyPath: m_LocalPosition.y
      value: 0
      objectReference: {fileID: 0}
    - target: {fileID: 400000, guid: 45aca106112fbc744a0b94cc9868ed2b, type: 3}
      propertyPath: m_LocalPosition.z
      value: 3
      objectReference: {fileID: 0}
    - target: {fileID: 400000, guid: 45aca106112fbc744a0b94cc9868ed2b, type: 3}
      propertyPath: m_LocalRotation.x
      value: 0
      objectReference: {fileID: 0}
    - target: {fileID: 400000, guid: 45aca106112fbc744a0b94cc9868ed2b, type: 3}
      propertyPath: m_LocalRotation.y
      value: 0
      objectReference: {fileID: 0}
    - target: {fileID: 400000, guid: 45aca106112fbc744a0b94cc9868ed2b, type: 3}
      propertyPath: m_LocalRotation.z
      value: 0
      objectReference: {fileID: 0}
    - target: {fileID: 400000, guid: 45aca106112fbc744a0b94cc9868ed2b, type: 3}
      propertyPath: m_LocalRotation.w
      value: 1
      objectReference: {fileID: 0}
    - target: {fileID: 400000, guid: 45aca106112fbc744a0b94cc9868ed2b, type: 3}
      propertyPath: m_RootOrder
      value: 3
      objectReference: {fileID: 0}
    - target: {fileID: 100000, guid: 45aca106112fbc744a0b94cc9868ed2b, type: 3}
      propertyPath: m_Name
      value: mesh_TrackRoadStraight_01 (3)
      objectReference: {fileID: 0}
    m_RemovedComponents: []
  m_ParentPrefab: {fileID: 100100000, guid: 45aca106112fbc744a0b94cc9868ed2b, type: 3}
  m_IsPrefabParent: 0
--- !u!1001 &183409996
Prefab:
  m_ObjectHideFlags: 0
  serializedVersion: 2
  m_Modification:
    m_TransformParent: {fileID: 1224885621}
    m_Modifications:
    - target: {fileID: 400000, guid: 44fa26641cc3df847ad77e239d1f30da, type: 3}
      propertyPath: m_LocalPosition.x
      value: 0
      objectReference: {fileID: 0}
    - target: {fileID: 400000, guid: 44fa26641cc3df847ad77e239d1f30da, type: 3}
      propertyPath: m_LocalPosition.y
      value: 0
      objectReference: {fileID: 0}
    - target: {fileID: 400000, guid: 44fa26641cc3df847ad77e239d1f30da, type: 3}
      propertyPath: m_LocalPosition.z
      value: 10
      objectReference: {fileID: 0}
    - target: {fileID: 400000, guid: 44fa26641cc3df847ad77e239d1f30da, type: 3}
      propertyPath: m_LocalRotation.x
      value: 0
      objectReference: {fileID: 0}
    - target: {fileID: 400000, guid: 44fa26641cc3df847ad77e239d1f30da, type: 3}
      propertyPath: m_LocalRotation.y
      value: 0
      objectReference: {fileID: 0}
    - target: {fileID: 400000, guid: 44fa26641cc3df847ad77e239d1f30da, type: 3}
      propertyPath: m_LocalRotation.z
      value: 0
      objectReference: {fileID: 0}
    - target: {fileID: 400000, guid: 44fa26641cc3df847ad77e239d1f30da, type: 3}
      propertyPath: m_LocalRotation.w
      value: 1
      objectReference: {fileID: 0}
    - target: {fileID: 400000, guid: 44fa26641cc3df847ad77e239d1f30da, type: 3}
      propertyPath: m_RootOrder
      value: 1
      objectReference: {fileID: 0}
    - target: {fileID: 100000, guid: 44fa26641cc3df847ad77e239d1f30da, type: 3}
      propertyPath: m_Name
      value: col_TrackStraight_01 (14)
      objectReference: {fileID: 0}
    m_RemovedComponents: []
  m_ParentPrefab: {fileID: 100100000, guid: 44fa26641cc3df847ad77e239d1f30da, type: 3}
  m_IsPrefabParent: 0
--- !u!1 &253055264 stripped
GameObject:
  m_PrefabParentObject: {fileID: 100000, guid: 44fa26641cc3df847ad77e239d1f30da, type: 3}
  m_PrefabInternal: {fileID: 1871815716}
--- !u!4 &253055265 stripped
Transform:
  m_PrefabParentObject: {fileID: 400000, guid: 44fa26641cc3df847ad77e239d1f30da, type: 3}
  m_PrefabInternal: {fileID: 1871815716}
--- !u!64 &253055268
MeshCollider:
  m_ObjectHideFlags: 0
  m_PrefabParentObject: {fileID: 0}
  m_PrefabInternal: {fileID: 0}
  m_GameObject: {fileID: 253055264}
  m_Material: {fileID: 13400000, guid: b7576e8e94690fa4d957a8180011fc37, type: 2}
  m_IsTrigger: 0
  m_Enabled: 1
  serializedVersion: 2
  m_Convex: 0
  m_Mesh: {fileID: 4300000, guid: 44fa26641cc3df847ad77e239d1f30da, type: 3}
--- !u!1 &323163436 stripped
GameObject:
  m_PrefabParentObject: {fileID: 100000, guid: 44fa26641cc3df847ad77e239d1f30da, type: 3}
  m_PrefabInternal: {fileID: 1097967748}
--- !u!4 &323163437 stripped
Transform:
  m_PrefabParentObject: {fileID: 400000, guid: 44fa26641cc3df847ad77e239d1f30da, type: 3}
  m_PrefabInternal: {fileID: 1097967748}
--- !u!64 &323163440
MeshCollider:
  m_ObjectHideFlags: 0
  m_PrefabParentObject: {fileID: 0}
  m_PrefabInternal: {fileID: 0}
  m_GameObject: {fileID: 323163436}
  m_Material: {fileID: 13400000, guid: b7576e8e94690fa4d957a8180011fc37, type: 2}
  m_IsTrigger: 0
  m_Enabled: 1
  serializedVersion: 2
  m_Convex: 0
  m_Mesh: {fileID: 4300000, guid: 44fa26641cc3df847ad77e239d1f30da, type: 3}
--- !u!1 &364527378 stripped
GameObject:
  m_PrefabParentObject: {fileID: 100000, guid: 44fa26641cc3df847ad77e239d1f30da, type: 3}
  m_PrefabInternal: {fileID: 1757194417}
--- !u!4 &364527379 stripped
Transform:
  m_PrefabParentObject: {fileID: 400000, guid: 44fa26641cc3df847ad77e239d1f30da, type: 3}
  m_PrefabInternal: {fileID: 1757194417}
--- !u!64 &364527382
MeshCollider:
  m_ObjectHideFlags: 0
  m_PrefabParentObject: {fileID: 0}
  m_PrefabInternal: {fileID: 0}
  m_GameObject: {fileID: 364527378}
  m_Material: {fileID: 13400000, guid: b7576e8e94690fa4d957a8180011fc37, type: 2}
  m_IsTrigger: 0
  m_Enabled: 1
  serializedVersion: 2
  m_Convex: 0
  m_Mesh: {fileID: 4300000, guid: 44fa26641cc3df847ad77e239d1f30da, type: 3}
--- !u!1 &395662379
GameObject:
  m_ObjectHideFlags: 0
  m_PrefabParentObject: {fileID: 0}
  m_PrefabInternal: {fileID: 0}
  serializedVersion: 4
  m_Component:
  - 4: {fileID: 395662385}
  - 33: {fileID: 395662384}
  - 135: {fileID: 395662383}
  - 23: {fileID: 395662382}
  - 54: {fileID: 395662381}
  - 114: {fileID: 395662380}
  m_Layer: 0
  m_Name: Sphere (2)
  m_TagString: Untagged
  m_Icon: {fileID: 0}
  m_NavMeshLayer: 0
  m_StaticEditorFlags: 0
  m_IsActive: 1
--- !u!114 &395662380
MonoBehaviour:
  m_ObjectHideFlags: 0
  m_PrefabParentObject: {fileID: 0}
  m_PrefabInternal: {fileID: 0}
  m_GameObject: {fileID: 395662379}
  m_Enabled: 1
  m_EditorHideFlags: 0
  m_Script: {fileID: 11500000, guid: a2927df70b205684bad1b39d12273012, type: 3}
  m_Name: 
  m_EditorClassIdentifier: 
  force: {x: 100, y: 0, z: 1000}
  onStart: 0
--- !u!54 &395662381
Rigidbody:
  m_ObjectHideFlags: 0
  m_PrefabParentObject: {fileID: 0}
  m_PrefabInternal: {fileID: 0}
  m_GameObject: {fileID: 395662379}
  serializedVersion: 2
  m_Mass: 1
  m_Drag: 1
  m_AngularDrag: 1
  m_UseGravity: 1
  m_IsKinematic: 0
  m_Interpolate: 0
  m_Constraints: 0
  m_CollisionDetection: 0
--- !u!23 &395662382
MeshRenderer:
  m_ObjectHideFlags: 0
  m_PrefabParentObject: {fileID: 0}
  m_PrefabInternal: {fileID: 0}
  m_GameObject: {fileID: 395662379}
  m_Enabled: 1
  m_CastShadows: 1
  m_ReceiveShadows: 1
  m_Materials:
  - {fileID: 10303, guid: 0000000000000000f000000000000000, type: 0}
  m_SubsetIndices: 
  m_StaticBatchRoot: {fileID: 0}
  m_UseLightProbes: 1
  m_ReflectionProbeUsage: 1
  m_ProbeAnchor: {fileID: 0}
  m_ScaleInLightmap: 1
  m_PreserveUVs: 1
  m_IgnoreNormalsForChartDetection: 0
  m_ImportantGI: 0
  m_MinimumChartSize: 4
  m_AutoUVMaxDistance: 0.5
  m_AutoUVMaxAngle: 89
  m_LightmapParameters: {fileID: 0}
  m_SortingLayerID: 0
  m_SortingOrder: 0
--- !u!135 &395662383
SphereCollider:
  m_ObjectHideFlags: 0
  m_PrefabParentObject: {fileID: 0}
  m_PrefabInternal: {fileID: 0}
  m_GameObject: {fileID: 395662379}
  m_Material: {fileID: 13400000, guid: b7576e8e94690fa4d957a8180011fc37, type: 2}
  m_IsTrigger: 0
  m_Enabled: 1
  serializedVersion: 2
  m_Radius: 0.5
  m_Center: {x: 0, y: 0, z: 0}
--- !u!33 &395662384
MeshFilter:
  m_ObjectHideFlags: 0
  m_PrefabParentObject: {fileID: 0}
  m_PrefabInternal: {fileID: 0}
  m_GameObject: {fileID: 395662379}
  m_Mesh: {fileID: 10207, guid: 0000000000000000e000000000000000, type: 0}
--- !u!4 &395662385
Transform:
  m_ObjectHideFlags: 0
  m_PrefabParentObject: {fileID: 0}
  m_PrefabInternal: {fileID: 0}
  m_GameObject: {fileID: 395662379}
  m_LocalRotation: {x: 0, y: 0, z: 0, w: 1}
  m_LocalPosition: {x: 6, y: 1, z: 1}
  m_LocalScale: {x: 0.12121898, y: 0.121218994, z: 0.121218994}
  m_Children: []
  m_Father: {fileID: 0}
  m_RootOrder: 7
--- !u!1001 &461333827
Prefab:
  m_ObjectHideFlags: 0
  serializedVersion: 2
  m_Modification:
    m_TransformParent: {fileID: 1847960407}
    m_Modifications:
    - target: {fileID: 400000, guid: 45aca106112fbc744a0b94cc9868ed2b, type: 3}
      propertyPath: m_LocalPosition.x
      value: 0
      objectReference: {fileID: 0}
    - target: {fileID: 400000, guid: 45aca106112fbc744a0b94cc9868ed2b, type: 3}
      propertyPath: m_LocalPosition.y
      value: 0
      objectReference: {fileID: 0}
    - target: {fileID: 400000, guid: 45aca106112fbc744a0b94cc9868ed2b, type: 3}
      propertyPath: m_LocalPosition.z
      value: 7
      objectReference: {fileID: 0}
    - target: {fileID: 400000, guid: 45aca106112fbc744a0b94cc9868ed2b, type: 3}
      propertyPath: m_LocalRotation.x
      value: 0
      objectReference: {fileID: 0}
    - target: {fileID: 400000, guid: 45aca106112fbc744a0b94cc9868ed2b, type: 3}
      propertyPath: m_LocalRotation.y
      value: 0
      objectReference: {fileID: 0}
    - target: {fileID: 400000, guid: 45aca106112fbc744a0b94cc9868ed2b, type: 3}
      propertyPath: m_LocalRotation.z
      value: 0
      objectReference: {fileID: 0}
    - target: {fileID: 400000, guid: 45aca106112fbc744a0b94cc9868ed2b, type: 3}
      propertyPath: m_LocalRotation.w
      value: 1
      objectReference: {fileID: 0}
    - target: {fileID: 400000, guid: 45aca106112fbc744a0b94cc9868ed2b, type: 3}
      propertyPath: m_RootOrder
      value: 7
      objectReference: {fileID: 0}
    - target: {fileID: 100000, guid: 45aca106112fbc744a0b94cc9868ed2b, type: 3}
      propertyPath: m_Name
      value: mesh_TrackRoadStraight_01 (7)
      objectReference: {fileID: 0}
    m_RemovedComponents: []
  m_ParentPrefab: {fileID: 100100000, guid: 45aca106112fbc744a0b94cc9868ed2b, type: 3}
  m_IsPrefabParent: 0
--- !u!1 &508973493 stripped
GameObject:
  m_PrefabParentObject: {fileID: 100000, guid: 44fa26641cc3df847ad77e239d1f30da, type: 3}
  m_PrefabInternal: {fileID: 1736564285}
--- !u!4 &508973494 stripped
Transform:
  m_PrefabParentObject: {fileID: 400000, guid: 44fa26641cc3df847ad77e239d1f30da, type: 3}
  m_PrefabInternal: {fileID: 1736564285}
--- !u!64 &508973497
MeshCollider:
  m_ObjectHideFlags: 0
  m_PrefabParentObject: {fileID: 0}
  m_PrefabInternal: {fileID: 0}
  m_GameObject: {fileID: 508973493}
  m_Material: {fileID: 13400000, guid: b7576e8e94690fa4d957a8180011fc37, type: 2}
  m_IsTrigger: 0
  m_Enabled: 1
  serializedVersion: 2
  m_Convex: 0
  m_Mesh: {fileID: 4300000, guid: 44fa26641cc3df847ad77e239d1f30da, type: 3}
--- !u!4 &515405306 stripped
Transform:
  m_PrefabParentObject: {fileID: 400000, guid: 45aca106112fbc744a0b94cc9868ed2b, type: 3}
  m_PrefabInternal: {fileID: 1552709698}
--- !u!1 &570104815 stripped
GameObject:
  m_PrefabParentObject: {fileID: 100000, guid: 44fa26641cc3df847ad77e239d1f30da, type: 3}
  m_PrefabInternal: {fileID: 1251648749}
--- !u!4 &570104816 stripped
Transform:
  m_PrefabParentObject: {fileID: 400000, guid: 44fa26641cc3df847ad77e239d1f30da, type: 3}
  m_PrefabInternal: {fileID: 1251648749}
--- !u!64 &570104819
MeshCollider:
  m_ObjectHideFlags: 0
  m_PrefabParentObject: {fileID: 0}
  m_PrefabInternal: {fileID: 0}
  m_GameObject: {fileID: 570104815}
  m_Material: {fileID: 13400000, guid: b7576e8e94690fa4d957a8180011fc37, type: 2}
  m_IsTrigger: 0
  m_Enabled: 1
  serializedVersion: 2
  m_Convex: 0
  m_Mesh: {fileID: 4300000, guid: 44fa26641cc3df847ad77e239d1f30da, type: 3}
--- !u!1 &602043022 stripped
GameObject:
  m_PrefabParentObject: {fileID: 100000, guid: 44fa26641cc3df847ad77e239d1f30da, type: 3}
  m_PrefabInternal: {fileID: 109637597}
--- !u!4 &602043023 stripped
Transform:
  m_PrefabParentObject: {fileID: 400000, guid: 44fa26641cc3df847ad77e239d1f30da, type: 3}
  m_PrefabInternal: {fileID: 109637597}
--- !u!64 &602043026
MeshCollider:
  m_ObjectHideFlags: 0
  m_PrefabParentObject: {fileID: 0}
  m_PrefabInternal: {fileID: 0}
  m_GameObject: {fileID: 602043022}
  m_Material: {fileID: 13400000, guid: b7576e8e94690fa4d957a8180011fc37, type: 2}
  m_IsTrigger: 0
  m_Enabled: 1
  serializedVersion: 2
  m_Convex: 0
  m_Mesh: {fileID: 4300000, guid: 44fa26641cc3df847ad77e239d1f30da, type: 3}
--- !u!1001 &604915688
Prefab:
  m_ObjectHideFlags: 0
  serializedVersion: 2
  m_Modification:
    m_TransformParent: {fileID: 1847960407}
    m_Modifications:
    - target: {fileID: 400000, guid: 45aca106112fbc744a0b94cc9868ed2b, type: 3}
      propertyPath: m_LocalPosition.x
      value: 0
      objectReference: {fileID: 0}
    - target: {fileID: 400000, guid: 45aca106112fbc744a0b94cc9868ed2b, type: 3}
      propertyPath: m_LocalPosition.y
      value: 0
      objectReference: {fileID: 0}
    - target: {fileID: 400000, guid: 45aca106112fbc744a0b94cc9868ed2b, type: 3}
      propertyPath: m_LocalPosition.z
      value: 8
      objectReference: {fileID: 0}
    - target: {fileID: 400000, guid: 45aca106112fbc744a0b94cc9868ed2b, type: 3}
      propertyPath: m_LocalRotation.x
      value: 0
      objectReference: {fileID: 0}
    - target: {fileID: 400000, guid: 45aca106112fbc744a0b94cc9868ed2b, type: 3}
      propertyPath: m_LocalRotation.y
      value: 0
      objectReference: {fileID: 0}
    - target: {fileID: 400000, guid: 45aca106112fbc744a0b94cc9868ed2b, type: 3}
      propertyPath: m_LocalRotation.z
      value: 0
      objectReference: {fileID: 0}
    - target: {fileID: 400000, guid: 45aca106112fbc744a0b94cc9868ed2b, type: 3}
      propertyPath: m_LocalRotation.w
      value: 1
      objectReference: {fileID: 0}
    - target: {fileID: 400000, guid: 45aca106112fbc744a0b94cc9868ed2b, type: 3}
      propertyPath: m_RootOrder
      value: 8
      objectReference: {fileID: 0}
    - target: {fileID: 100000, guid: 45aca106112fbc744a0b94cc9868ed2b, type: 3}
      propertyPath: m_Name
      value: mesh_TrackRoadStraight_01 (8)
      objectReference: {fileID: 0}
    m_RemovedComponents: []
  m_ParentPrefab: {fileID: 100100000, guid: 45aca106112fbc744a0b94cc9868ed2b, type: 3}
  m_IsPrefabParent: 0
--- !u!1 &679733675 stripped
GameObject:
  m_PrefabParentObject: {fileID: 100000, guid: 44fa26641cc3df847ad77e239d1f30da, type: 3}
  m_PrefabInternal: {fileID: 1248940544}
--- !u!4 &679733676 stripped
Transform:
  m_PrefabParentObject: {fileID: 400000, guid: 44fa26641cc3df847ad77e239d1f30da, type: 3}
  m_PrefabInternal: {fileID: 1248940544}
--- !u!64 &679733679
MeshCollider:
  m_ObjectHideFlags: 0
  m_PrefabParentObject: {fileID: 0}
  m_PrefabInternal: {fileID: 0}
  m_GameObject: {fileID: 679733675}
  m_Material: {fileID: 13400000, guid: b7576e8e94690fa4d957a8180011fc37, type: 2}
  m_IsTrigger: 0
  m_Enabled: 1
  serializedVersion: 2
  m_Convex: 0
  m_Mesh: {fileID: 4300000, guid: 44fa26641cc3df847ad77e239d1f30da, type: 3}
--- !u!1001 &720471269
Prefab:
  m_ObjectHideFlags: 0
  serializedVersion: 2
  m_Modification:
    m_TransformParent: {fileID: 1224885621}
    m_Modifications:
    - target: {fileID: 400000, guid: 44fa26641cc3df847ad77e239d1f30da, type: 3}
      propertyPath: m_LocalPosition.x
      value: 0
      objectReference: {fileID: 0}
    - target: {fileID: 400000, guid: 44fa26641cc3df847ad77e239d1f30da, type: 3}
      propertyPath: m_LocalPosition.y
      value: 0
      objectReference: {fileID: 0}
    - target: {fileID: 400000, guid: 44fa26641cc3df847ad77e239d1f30da, type: 3}
      propertyPath: m_LocalPosition.z
      value: 1
      objectReference: {fileID: 0}
    - target: {fileID: 400000, guid: 44fa26641cc3df847ad77e239d1f30da, type: 3}
      propertyPath: m_LocalRotation.x
      value: 0
      objectReference: {fileID: 0}
    - target: {fileID: 400000, guid: 44fa26641cc3df847ad77e239d1f30da, type: 3}
      propertyPath: m_LocalRotation.y
      value: 0
      objectReference: {fileID: 0}
    - target: {fileID: 400000, guid: 44fa26641cc3df847ad77e239d1f30da, type: 3}
      propertyPath: m_LocalRotation.z
      value: 0
      objectReference: {fileID: 0}
    - target: {fileID: 400000, guid: 44fa26641cc3df847ad77e239d1f30da, type: 3}
      propertyPath: m_LocalRotation.w
      value: 1
      objectReference: {fileID: 0}
    - target: {fileID: 400000, guid: 44fa26641cc3df847ad77e239d1f30da, type: 3}
      propertyPath: m_RootOrder
      value: 10
      objectReference: {fileID: 0}
    - target: {fileID: 100000, guid: 44fa26641cc3df847ad77e239d1f30da, type: 3}
      propertyPath: m_Name
      value: col_TrackStraight_01 (23)
      objectReference: {fileID: 0}
    m_RemovedComponents: []
  m_ParentPrefab: {fileID: 100100000, guid: 44fa26641cc3df847ad77e239d1f30da, type: 3}
  m_IsPrefabParent: 0
--- !u!4 &753033667 stripped
Transform:
  m_PrefabParentObject: {fileID: 400000, guid: 45aca106112fbc744a0b94cc9868ed2b, type: 3}
  m_PrefabInternal: {fileID: 461333827}
--- !u!1 &813950067 stripped
GameObject:
  m_PrefabParentObject: {fileID: 100000, guid: 44fa26641cc3df847ad77e239d1f30da, type: 3}
  m_PrefabInternal: {fileID: 183409996}
--- !u!4 &813950068 stripped
Transform:
  m_PrefabParentObject: {fileID: 400000, guid: 44fa26641cc3df847ad77e239d1f30da, type: 3}
  m_PrefabInternal: {fileID: 183409996}
--- !u!64 &813950071
MeshCollider:
  m_ObjectHideFlags: 0
  m_PrefabParentObject: {fileID: 0}
  m_PrefabInternal: {fileID: 0}
  m_GameObject: {fileID: 813950067}
  m_Material: {fileID: 13400000, guid: b7576e8e94690fa4d957a8180011fc37, type: 2}
  m_IsTrigger: 0
  m_Enabled: 1
  serializedVersion: 2
  m_Convex: 0
  m_Mesh: {fileID: 4300000, guid: 44fa26641cc3df847ad77e239d1f30da, type: 3}
--- !u!1001 &964757411
Prefab:
  m_ObjectHideFlags: 0
  serializedVersion: 2
  m_Modification:
    m_TransformParent: {fileID: 1224885621}
    m_Modifications:
    - target: {fileID: 400000, guid: 4942872f38d36954eb91e33d83b912fd, type: 3}
      propertyPath: m_LocalPosition.x
      value: 0
      objectReference: {fileID: 0}
    - target: {fileID: 400000, guid: 4942872f38d36954eb91e33d83b912fd, type: 3}
      propertyPath: m_LocalPosition.y
      value: 0
      objectReference: {fileID: 0}
    - target: {fileID: 400000, guid: 4942872f38d36954eb91e33d83b912fd, type: 3}
      propertyPath: m_LocalPosition.z
      value: 12
      objectReference: {fileID: 0}
    - target: {fileID: 400000, guid: 4942872f38d36954eb91e33d83b912fd, type: 3}
      propertyPath: m_LocalRotation.x
      value: 0
      objectReference: {fileID: 0}
    - target: {fileID: 400000, guid: 4942872f38d36954eb91e33d83b912fd, type: 3}
      propertyPath: m_LocalRotation.y
      value: 0
      objectReference: {fileID: 0}
    - target: {fileID: 400000, guid: 4942872f38d36954eb91e33d83b912fd, type: 3}
      propertyPath: m_LocalRotation.z
      value: 0
      objectReference: {fileID: 0}
    - target: {fileID: 400000, guid: 4942872f38d36954eb91e33d83b912fd, type: 3}
      propertyPath: m_LocalRotation.w
      value: 1
      objectReference: {fileID: 0}
    - target: {fileID: 400000, guid: 4942872f38d36954eb91e33d83b912fd, type: 3}
      propertyPath: m_RootOrder
      value: 12
      objectReference: {fileID: 0}
    - target: {fileID: 100000, guid: 4942872f38d36954eb91e33d83b912fd, type: 3}
      propertyPath: m_Name
      value: col_TrackHole_03 (1)
      objectReference: {fileID: 0}
    m_RemovedComponents: []
  m_ParentPrefab: {fileID: 100100000, guid: 4942872f38d36954eb91e33d83b912fd, type: 3}
  m_IsPrefabParent: 0
--- !u!1 &999633441
GameObject:
  m_ObjectHideFlags: 0
  m_PrefabParentObject: {fileID: 0}
  m_PrefabInternal: {fileID: 0}
  serializedVersion: 4
  m_Component:
  - 4: {fileID: 999633446}
  - 33: {fileID: 999633445}
  - 135: {fileID: 999633444}
  - 23: {fileID: 999633443}
  - 54: {fileID: 999633442}
  - 114: {fileID: 999633447}
  m_Layer: 0
  m_Name: Sphere (1)
  m_TagString: Untagged
  m_Icon: {fileID: 0}
  m_NavMeshLayer: 0
  m_StaticEditorFlags: 0
  m_IsActive: 1
--- !u!54 &999633442
Rigidbody:
  m_ObjectHideFlags: 0
  m_PrefabParentObject: {fileID: 0}
  m_PrefabInternal: {fileID: 0}
  m_GameObject: {fileID: 999633441}
  serializedVersion: 2
  m_Mass: 1
  m_Drag: 1
  m_AngularDrag: 1
  m_UseGravity: 1
  m_IsKinematic: 0
  m_Interpolate: 0
  m_Constraints: 0
  m_CollisionDetection: 0
--- !u!23 &999633443
MeshRenderer:
  m_ObjectHideFlags: 0
  m_PrefabParentObject: {fileID: 0}
  m_PrefabInternal: {fileID: 0}
  m_GameObject: {fileID: 999633441}
  m_Enabled: 1
  m_CastShadows: 1
  m_ReceiveShadows: 1
  m_Materials:
  - {fileID: 10303, guid: 0000000000000000f000000000000000, type: 0}
  m_SubsetIndices: 
  m_StaticBatchRoot: {fileID: 0}
  m_UseLightProbes: 1
  m_ReflectionProbeUsage: 1
  m_ProbeAnchor: {fileID: 0}
  m_ScaleInLightmap: 1
  m_PreserveUVs: 1
  m_IgnoreNormalsForChartDetection: 0
  m_ImportantGI: 0
  m_MinimumChartSize: 4
  m_AutoUVMaxDistance: 0.5
  m_AutoUVMaxAngle: 89
  m_LightmapParameters: {fileID: 0}
  m_SortingLayerID: 0
  m_SortingOrder: 0
--- !u!135 &999633444
SphereCollider:
  m_ObjectHideFlags: 0
  m_PrefabParentObject: {fileID: 0}
  m_PrefabInternal: {fileID: 0}
  m_GameObject: {fileID: 999633441}
  m_Material: {fileID: 13400000, guid: b7576e8e94690fa4d957a8180011fc37, type: 2}
  m_IsTrigger: 0
  m_Enabled: 1
  serializedVersion: 2
  m_Radius: 0.5
  m_Center: {x: 0, y: 0, z: 0}
--- !u!33 &999633445
MeshFilter:
  m_ObjectHideFlags: 0
  m_PrefabParentObject: {fileID: 0}
  m_PrefabInternal: {fileID: 0}
  m_GameObject: {fileID: 999633441}
  m_Mesh: {fileID: 10207, guid: 0000000000000000e000000000000000, type: 0}
--- !u!4 &999633446
Transform:
  m_ObjectHideFlags: 0
  m_PrefabParentObject: {fileID: 0}
  m_PrefabInternal: {fileID: 0}
  m_GameObject: {fileID: 999633441}
  m_LocalRotation: {x: 0, y: 0, z: 0, w: 1}
  m_LocalPosition: {x: 0, y: 1, z: 1}
  m_LocalScale: {x: 0.12121898, y: 0.121218994, z: 0.121218994}
  m_Children: []
  m_Father: {fileID: 0}
  m_RootOrder: 6
--- !u!114 &999633447
MonoBehaviour:
  m_ObjectHideFlags: 0
  m_PrefabParentObject: {fileID: 0}
  m_PrefabInternal: {fileID: 0}
  m_GameObject: {fileID: 999633441}
  m_Enabled: 1
  m_EditorHideFlags: 0
  m_Script: {fileID: 11500000, guid: a2927df70b205684bad1b39d12273012, type: 3}
  m_Name: 
  m_EditorClassIdentifier: 
  force: {x: 100, y: 0, z: 1000}
  onStart: 0
--- !u!1 &1022937618
GameObject:
  m_ObjectHideFlags: 0
  m_PrefabParentObject: {fileID: 0}
  m_PrefabInternal: {fileID: 0}
  serializedVersion: 4
  m_Component:
  - 4: {fileID: 1022937623}
  - 20: {fileID: 1022937622}
  - 92: {fileID: 1022937621}
  - 124: {fileID: 1022937620}
  - 81: {fileID: 1022937619}
  m_Layer: 0
  m_Name: Main Camera
  m_TagString: MainCamera
  m_Icon: {fileID: 0}
  m_NavMeshLayer: 0
  m_StaticEditorFlags: 0
  m_IsActive: 1
--- !u!81 &1022937619
AudioListener:
  m_ObjectHideFlags: 0
  m_PrefabParentObject: {fileID: 0}
  m_PrefabInternal: {fileID: 0}
  m_GameObject: {fileID: 1022937618}
  m_Enabled: 1
--- !u!124 &1022937620
Behaviour:
  m_ObjectHideFlags: 0
  m_PrefabParentObject: {fileID: 0}
  m_PrefabInternal: {fileID: 0}
  m_GameObject: {fileID: 1022937618}
  m_Enabled: 1
--- !u!92 &1022937621
Behaviour:
  m_ObjectHideFlags: 0
  m_PrefabParentObject: {fileID: 0}
  m_PrefabInternal: {fileID: 0}
  m_GameObject: {fileID: 1022937618}
  m_Enabled: 1
--- !u!20 &1022937622
Camera:
  m_ObjectHideFlags: 0
  m_PrefabParentObject: {fileID: 0}
  m_PrefabInternal: {fileID: 0}
  m_GameObject: {fileID: 1022937618}
  m_Enabled: 1
  serializedVersion: 2
  m_ClearFlags: 1
  m_BackGroundColor: {r: 0.19215687, g: 0.3019608, b: 0.4745098, a: 0.019607844}
  m_NormalizedViewPortRect:
    serializedVersion: 2
    x: 0
    y: 0
    width: 1
    height: 1
  near clip plane: 0.3
  far clip plane: 1000
  field of view: 60
  orthographic: 0
  orthographic size: 5
  m_Depth: -1
  m_CullingMask:
    serializedVersion: 2
    m_Bits: 4294967295
  m_RenderingPath: -1
  m_TargetTexture: {fileID: 0}
  m_TargetDisplay: 0
  m_TargetEye: 3
  m_HDR: 0
  m_OcclusionCulling: 1
  m_StereoConvergence: 10
  m_StereoSeparation: 0.022
  m_StereoMirrorMode: 0
--- !u!4 &1022937623
Transform:
  m_ObjectHideFlags: 0
  m_PrefabParentObject: {fileID: 0}
  m_PrefabInternal: {fileID: 0}
  m_GameObject: {fileID: 1022937618}
  m_LocalRotation: {x: 0, y: 0, z: 0, w: 1}
  m_LocalPosition: {x: 0, y: 1, z: -10}
  m_LocalScale: {x: 1, y: 1, z: 1}
  m_Children: []
  m_Father: {fileID: 0}
  m_RootOrder: 0
--- !u!1001 &1041841643
Prefab:
  m_ObjectHideFlags: 0
  serializedVersion: 2
  m_Modification:
    m_TransformParent: {fileID: 1847960407}
    m_Modifications:
    - target: {fileID: 400000, guid: 45aca106112fbc744a0b94cc9868ed2b, type: 3}
      propertyPath: m_LocalPosition.x
      value: 0
      objectReference: {fileID: 0}
    - target: {fileID: 400000, guid: 45aca106112fbc744a0b94cc9868ed2b, type: 3}
      propertyPath: m_LocalPosition.y
      value: 0
      objectReference: {fileID: 0}
    - target: {fileID: 400000, guid: 45aca106112fbc744a0b94cc9868ed2b, type: 3}
      propertyPath: m_LocalPosition.z
      value: 5
      objectReference: {fileID: 0}
    - target: {fileID: 400000, guid: 45aca106112fbc744a0b94cc9868ed2b, type: 3}
      propertyPath: m_LocalRotation.x
      value: 0
      objectReference: {fileID: 0}
    - target: {fileID: 400000, guid: 45aca106112fbc744a0b94cc9868ed2b, type: 3}
      propertyPath: m_LocalRotation.y
      value: 0
      objectReference: {fileID: 0}
    - target: {fileID: 400000, guid: 45aca106112fbc744a0b94cc9868ed2b, type: 3}
      propertyPath: m_LocalRotation.z
      value: 0
      objectReference: {fileID: 0}
    - target: {fileID: 400000, guid: 45aca106112fbc744a0b94cc9868ed2b, type: 3}
      propertyPath: m_LocalRotation.w
      value: 1
      objectReference: {fileID: 0}
    - target: {fileID: 400000, guid: 45aca106112fbc744a0b94cc9868ed2b, type: 3}
      propertyPath: m_RootOrder
      value: 5
      objectReference: {fileID: 0}
    - target: {fileID: 100000, guid: 45aca106112fbc744a0b94cc9868ed2b, type: 3}
      propertyPath: m_Name
      value: mesh_TrackRoadStraight_01 (5)
      objectReference: {fileID: 0}
    m_RemovedComponents: []
  m_ParentPrefab: {fileID: 100100000, guid: 45aca106112fbc744a0b94cc9868ed2b, type: 3}
  m_IsPrefabParent: 0
--- !u!1001 &1087645935
Prefab:
  m_ObjectHideFlags: 0
  serializedVersion: 2
  m_Modification:
    m_TransformParent: {fileID: 1847960407}
    m_Modifications:
    - target: {fileID: 400000, guid: 45aca106112fbc744a0b94cc9868ed2b, type: 3}
      propertyPath: m_LocalPosition.x
      value: 0
      objectReference: {fileID: 0}
    - target: {fileID: 400000, guid: 45aca106112fbc744a0b94cc9868ed2b, type: 3}
      propertyPath: m_LocalPosition.y
      value: 0
      objectReference: {fileID: 0}
    - target: {fileID: 400000, guid: 45aca106112fbc744a0b94cc9868ed2b, type: 3}
      propertyPath: m_LocalPosition.z
      value: 6
      objectReference: {fileID: 0}
    - target: {fileID: 400000, guid: 45aca106112fbc744a0b94cc9868ed2b, type: 3}
      propertyPath: m_LocalRotation.x
      value: 0
      objectReference: {fileID: 0}
    - target: {fileID: 400000, guid: 45aca106112fbc744a0b94cc9868ed2b, type: 3}
      propertyPath: m_LocalRotation.y
      value: 0
      objectReference: {fileID: 0}
    - target: {fileID: 400000, guid: 45aca106112fbc744a0b94cc9868ed2b, type: 3}
      propertyPath: m_LocalRotation.z
      value: 0
      objectReference: {fileID: 0}
    - target: {fileID: 400000, guid: 45aca106112fbc744a0b94cc9868ed2b, type: 3}
      propertyPath: m_LocalRotation.w
      value: 1
      objectReference: {fileID: 0}
    - target: {fileID: 400000, guid: 45aca106112fbc744a0b94cc9868ed2b, type: 3}
      propertyPath: m_RootOrder
      value: 6
      objectReference: {fileID: 0}
    - target: {fileID: 100000, guid: 45aca106112fbc744a0b94cc9868ed2b, type: 3}
      propertyPath: m_Name
      value: mesh_TrackRoadStraight_01 (6)
      objectReference: {fileID: 0}
    m_RemovedComponents: []
  m_ParentPrefab: {fileID: 100100000, guid: 45aca106112fbc744a0b94cc9868ed2b, type: 3}
  m_IsPrefabParent: 0
--- !u!1001 &1097967748
Prefab:
  m_ObjectHideFlags: 0
  serializedVersion: 2
  m_Modification:
    m_TransformParent: {fileID: 1224885621}
    m_Modifications:
    - target: {fileID: 400000, guid: 44fa26641cc3df847ad77e239d1f30da, type: 3}
      propertyPath: m_LocalPosition.x
      value: 0
      objectReference: {fileID: 0}
    - target: {fileID: 400000, guid: 44fa26641cc3df847ad77e239d1f30da, type: 3}
      propertyPath: m_LocalPosition.y
      value: 0
      objectReference: {fileID: 0}
    - target: {fileID: 400000, guid: 44fa26641cc3df847ad77e239d1f30da, type: 3}
      propertyPath: m_LocalPosition.z
      value: 5
      objectReference: {fileID: 0}
    - target: {fileID: 400000, guid: 44fa26641cc3df847ad77e239d1f30da, type: 3}
      propertyPath: m_LocalRotation.x
      value: 0
      objectReference: {fileID: 0}
    - target: {fileID: 400000, guid: 44fa26641cc3df847ad77e239d1f30da, type: 3}
      propertyPath: m_LocalRotation.y
      value: 0
      objectReference: {fileID: 0}
    - target: {fileID: 400000, guid: 44fa26641cc3df847ad77e239d1f30da, type: 3}
      propertyPath: m_LocalRotation.z
      value: 0
      objectReference: {fileID: 0}
    - target: {fileID: 400000, guid: 44fa26641cc3df847ad77e239d1f30da, type: 3}
      propertyPath: m_LocalRotation.w
      value: 1
      objectReference: {fileID: 0}
    - target: {fileID: 400000, guid: 44fa26641cc3df847ad77e239d1f30da, type: 3}
      propertyPath: m_RootOrder
      value: 6
      objectReference: {fileID: 0}
    - target: {fileID: 100000, guid: 44fa26641cc3df847ad77e239d1f30da, type: 3}
      propertyPath: m_Name
      value: col_TrackStraight_01 (19)
      objectReference: {fileID: 0}
    m_RemovedComponents: []
  m_ParentPrefab: {fileID: 100100000, guid: 44fa26641cc3df847ad77e239d1f30da, type: 3}
  m_IsPrefabParent: 0
--- !u!1 &1198956270
GameObject:
  m_ObjectHideFlags: 0
  m_PrefabParentObject: {fileID: 0}
  m_PrefabInternal: {fileID: 0}
  serializedVersion: 4
  m_Component:
  - 4: {fileID: 1198956271}
  - 33: {fileID: 1198956274}
  - 65: {fileID: 1198956273}
  - 23: {fileID: 1198956272}
  m_Layer: 0
  m_Name: Cube
  m_TagString: Untagged
  m_Icon: {fileID: 0}
  m_NavMeshLayer: 0
  m_StaticEditorFlags: 0
  m_IsActive: 1
--- !u!4 &1198956271
Transform:
  m_ObjectHideFlags: 0
  m_PrefabParentObject: {fileID: 0}
  m_PrefabInternal: {fileID: 0}
  m_GameObject: {fileID: 1198956270}
  m_LocalRotation: {x: 0, y: 0, z: 0, w: 1}
  m_LocalPosition: {x: 0, y: 0, z: 6.04}
  m_LocalScale: {x: 1, y: 0.01, z: 12}
  m_Children: []
  m_Father: {fileID: 1366604908}
  m_RootOrder: 0
--- !u!23 &1198956272
MeshRenderer:
  m_ObjectHideFlags: 0
  m_PrefabParentObject: {fileID: 0}
  m_PrefabInternal: {fileID: 0}
  m_GameObject: {fileID: 1198956270}
  m_Enabled: 1
  m_CastShadows: 1
  m_ReceiveShadows: 1
  m_Materials:
  - {fileID: 10303, guid: 0000000000000000f000000000000000, type: 0}
  m_SubsetIndices: 
  m_StaticBatchRoot: {fileID: 0}
  m_UseLightProbes: 1
  m_ReflectionProbeUsage: 1
  m_ProbeAnchor: {fileID: 0}
  m_ScaleInLightmap: 1
  m_PreserveUVs: 1
  m_IgnoreNormalsForChartDetection: 0
  m_ImportantGI: 0
  m_MinimumChartSize: 4
  m_AutoUVMaxDistance: 0.5
  m_AutoUVMaxAngle: 89
  m_LightmapParameters: {fileID: 0}
  m_SortingLayerID: 0
  m_SortingOrder: 0
--- !u!65 &1198956273
BoxCollider:
  m_ObjectHideFlags: 0
  m_PrefabParentObject: {fileID: 0}
  m_PrefabInternal: {fileID: 0}
  m_GameObject: {fileID: 1198956270}
  m_Material: {fileID: 13400000, guid: b7576e8e94690fa4d957a8180011fc37, type: 2}
  m_IsTrigger: 0
  m_Enabled: 1
  serializedVersion: 2
  m_Size: {x: 1, y: 1, z: 1}
  m_Center: {x: 0, y: 0, z: 0}
--- !u!33 &1198956274
MeshFilter:
  m_ObjectHideFlags: 0
  m_PrefabParentObject: {fileID: 0}
  m_PrefabInternal: {fileID: 0}
  m_GameObject: {fileID: 1198956270}
  m_Mesh: {fileID: 10202, guid: 0000000000000000e000000000000000, type: 0}
--- !u!1 &1221272974
GameObject:
  m_ObjectHideFlags: 0
  m_PrefabParentObject: {fileID: 0}
  m_PrefabInternal: {fileID: 0}
  serializedVersion: 4
  m_Component:
  - 4: {fileID: 1221272975}
  - 33: {fileID: 1221272978}
  - 65: {fileID: 1221272977}
  - 23: {fileID: 1221272976}
  m_Layer: 0
  m_Name: Cube (2)
  m_TagString: Untagged
  m_Icon: {fileID: 0}
  m_NavMeshLayer: 0
  m_StaticEditorFlags: 0
  m_IsActive: 1
--- !u!4 &1221272975
Transform:
  m_ObjectHideFlags: 0
  m_PrefabParentObject: {fileID: 0}
  m_PrefabInternal: {fileID: 0}
  m_GameObject: {fileID: 1221272974}
  m_LocalRotation: {x: 0, y: 0, z: 0, w: 1}
  m_LocalPosition: {x: 0.5, y: 0, z: 6.04}
  m_LocalScale: {x: 0.05, y: 0.2, z: 12}
  m_Children: []
  m_Father: {fileID: 1366604908}
  m_RootOrder: 2
--- !u!23 &1221272976
MeshRenderer:
  m_ObjectHideFlags: 0
  m_PrefabParentObject: {fileID: 0}
  m_PrefabInternal: {fileID: 0}
  m_GameObject: {fileID: 1221272974}
  m_Enabled: 1
  m_CastShadows: 1
  m_ReceiveShadows: 1
  m_Materials:
  - {fileID: 10303, guid: 0000000000000000f000000000000000, type: 0}
  m_SubsetIndices: 
  m_StaticBatchRoot: {fileID: 0}
  m_UseLightProbes: 1
  m_ReflectionProbeUsage: 1
  m_ProbeAnchor: {fileID: 0}
  m_ScaleInLightmap: 1
  m_PreserveUVs: 1
  m_IgnoreNormalsForChartDetection: 0
  m_ImportantGI: 0
  m_MinimumChartSize: 4
  m_AutoUVMaxDistance: 0.5
  m_AutoUVMaxAngle: 89
  m_LightmapParameters: {fileID: 0}
  m_SortingLayerID: 0
  m_SortingOrder: 0
--- !u!65 &1221272977
BoxCollider:
  m_ObjectHideFlags: 0
  m_PrefabParentObject: {fileID: 0}
  m_PrefabInternal: {fileID: 0}
  m_GameObject: {fileID: 1221272974}
  m_Material: {fileID: 13400000, guid: b7576e8e94690fa4d957a8180011fc37, type: 2}
  m_IsTrigger: 0
  m_Enabled: 1
  serializedVersion: 2
  m_Size: {x: 1, y: 1, z: 1}
  m_Center: {x: 0, y: 0, z: 0}
--- !u!33 &1221272978
MeshFilter:
  m_ObjectHideFlags: 0
  m_PrefabParentObject: {fileID: 0}
  m_PrefabInternal: {fileID: 0}
  m_GameObject: {fileID: 1221272974}
  m_Mesh: {fileID: 10202, guid: 0000000000000000e000000000000000, type: 0}
--- !u!1 &1224885616
GameObject:
  m_ObjectHideFlags: 0
  m_PrefabParentObject: {fileID: 0}
  m_PrefabInternal: {fileID: 0}
  serializedVersion: 4
  m_Component:
  - 4: {fileID: 1224885621}
  - 114: {fileID: 1224885620}
  - 33: {fileID: 1224885619}
  - 23: {fileID: 1224885618}
  - 54: {fileID: 1224885622}
  m_Layer: 0
  m_Name: Meshcombinetest (1)
  m_TagString: Untagged
  m_Icon: {fileID: 0}
  m_NavMeshLayer: 0
  m_StaticEditorFlags: 0
  m_IsActive: 1
--- !u!23 &1224885618
MeshRenderer:
  m_ObjectHideFlags: 0
  m_PrefabParentObject: {fileID: 0}
  m_PrefabInternal: {fileID: 0}
  m_GameObject: {fileID: 1224885616}
  m_Enabled: 1
  m_CastShadows: 1
  m_ReceiveShadows: 1
  m_Materials:
  - {fileID: 2100000, guid: 73e92f3704c35478f8e8c67f4ed11976, type: 2}
  m_SubsetIndices: 
  m_StaticBatchRoot: {fileID: 0}
  m_UseLightProbes: 1
  m_ReflectionProbeUsage: 1
  m_ProbeAnchor: {fileID: 0}
  m_ScaleInLightmap: 1
  m_PreserveUVs: 0
  m_IgnoreNormalsForChartDetection: 0
  m_ImportantGI: 0
  m_MinimumChartSize: 4
  m_AutoUVMaxDistance: 0.5
  m_AutoUVMaxAngle: 89
  m_LightmapParameters: {fileID: 0}
  m_SortingLayerID: 0
  m_SortingOrder: 0
--- !u!33 &1224885619
MeshFilter:
  m_ObjectHideFlags: 0
  m_PrefabParentObject: {fileID: 0}
  m_PrefabInternal: {fileID: 0}
  m_GameObject: {fileID: 1224885616}
  m_Mesh: {fileID: 0}
--- !u!114 &1224885620
MonoBehaviour:
  m_ObjectHideFlags: 0
  m_PrefabParentObject: {fileID: 0}
  m_PrefabInternal: {fileID: 0}
  m_GameObject: {fileID: 1224885616}
  m_Enabled: 0
  m_EditorHideFlags: 0
  m_Script: {fileID: 11500000, guid: 4cc86c953904b9241bdd8fae6877e934, type: 3}
  m_Name: 
  m_EditorClassIdentifier: 
  threshold: 0.001
  bucketstep: 1
--- !u!4 &1224885621
Transform:
  m_ObjectHideFlags: 0
  m_PrefabParentObject: {fileID: 0}
  m_PrefabInternal: {fileID: 0}
  m_GameObject: {fileID: 1224885616}
  m_LocalRotation: {x: 0, y: 0, z: 0, w: 1}
  m_LocalPosition: {x: 3, y: 0, z: 0}
  m_LocalScale: {x: 1, y: 1, z: 1}
  m_Children:
  - {fileID: 364527379}
  - {fileID: 813950068}
  - {fileID: 679733676}
  - {fileID: 602043023}
  - {fileID: 253055265}
  - {fileID: 1780367561}
  - {fileID: 323163437}
  - {fileID: 508973494}
  - {fileID: 12364362}
  - {fileID: 570104816}
  - {fileID: 140554013}
  - {fileID: 1661972325}
  - {fileID: 1805717001}
  m_Father: {fileID: 0}
  m_RootOrder: 3
--- !u!54 &1224885622
Rigidbody:
  m_ObjectHideFlags: 0
  m_PrefabParentObject: {fileID: 0}
  m_PrefabInternal: {fileID: 0}
  m_GameObject: {fileID: 1224885616}
  serializedVersion: 2
  m_Mass: 1
  m_Drag: 0
  m_AngularDrag: 0.05
  m_UseGravity: 1
  m_IsKinematic: 1
  m_Interpolate: 0
  m_Constraints: 0
  m_CollisionDetection: 0
--- !u!1001 &1248940544
Prefab:
  m_ObjectHideFlags: 0
  serializedVersion: 2
  m_Modification:
    m_TransformParent: {fileID: 1224885621}
    m_Modifications:
    - target: {fileID: 400000, guid: 44fa26641cc3df847ad77e239d1f30da, type: 3}
      propertyPath: m_LocalPosition.x
      value: 0
      objectReference: {fileID: 0}
    - target: {fileID: 400000, guid: 44fa26641cc3df847ad77e239d1f30da, type: 3}
      propertyPath: m_LocalPosition.y
      value: 0
      objectReference: {fileID: 0}
    - target: {fileID: 400000, guid: 44fa26641cc3df847ad77e239d1f30da, type: 3}
      propertyPath: m_LocalPosition.z
      value: 9
      objectReference: {fileID: 0}
    - target: {fileID: 400000, guid: 44fa26641cc3df847ad77e239d1f30da, type: 3}
      propertyPath: m_LocalRotation.x
      value: 0
      objectReference: {fileID: 0}
    - target: {fileID: 400000, guid: 44fa26641cc3df847ad77e239d1f30da, type: 3}
      propertyPath: m_LocalRotation.y
      value: 0
      objectReference: {fileID: 0}
    - target: {fileID: 400000, guid: 44fa26641cc3df847ad77e239d1f30da, type: 3}
      propertyPath: m_LocalRotation.z
      value: 0
      objectReference: {fileID: 0}
    - target: {fileID: 400000, guid: 44fa26641cc3df847ad77e239d1f30da, type: 3}
      propertyPath: m_LocalRotation.w
      value: 1
      objectReference: {fileID: 0}
    - target: {fileID: 400000, guid: 44fa26641cc3df847ad77e239d1f30da, type: 3}
      propertyPath: m_RootOrder
      value: 2
      objectReference: {fileID: 0}
    - target: {fileID: 100000, guid: 44fa26641cc3df847ad77e239d1f30da, type: 3}
      propertyPath: m_Name
      value: col_TrackStraight_01 (15)
      objectReference: {fileID: 0}
    m_RemovedComponents: []
  m_ParentPrefab: {fileID: 100100000, guid: 44fa26641cc3df847ad77e239d1f30da, type: 3}
  m_IsPrefabParent: 0
--- !u!1001 &1251648749
Prefab:
  m_ObjectHideFlags: 0
  serializedVersion: 2
  m_Modification:
    m_TransformParent: {fileID: 1224885621}
    m_Modifications:
    - target: {fileID: 400000, guid: 44fa26641cc3df847ad77e239d1f30da, type: 3}
      propertyPath: m_LocalPosition.x
      value: 0
      objectReference: {fileID: 0}
    - target: {fileID: 400000, guid: 44fa26641cc3df847ad77e239d1f30da, type: 3}
      propertyPath: m_LocalPosition.y
      value: 0
      objectReference: {fileID: 0}
    - target: {fileID: 400000, guid: 44fa26641cc3df847ad77e239d1f30da, type: 3}
      propertyPath: m_LocalPosition.z
      value: 2
      objectReference: {fileID: 0}
    - target: {fileID: 400000, guid: 44fa26641cc3df847ad77e239d1f30da, type: 3}
      propertyPath: m_LocalRotation.x
      value: 0
      objectReference: {fileID: 0}
    - target: {fileID: 400000, guid: 44fa26641cc3df847ad77e239d1f30da, type: 3}
      propertyPath: m_LocalRotation.y
      value: 0
      objectReference: {fileID: 0}
    - target: {fileID: 400000, guid: 44fa26641cc3df847ad77e239d1f30da, type: 3}
      propertyPath: m_LocalRotation.z
      value: 0
      objectReference: {fileID: 0}
    - target: {fileID: 400000, guid: 44fa26641cc3df847ad77e239d1f30da, type: 3}
      propertyPath: m_LocalRotation.w
      value: 1
      objectReference: {fileID: 0}
    - target: {fileID: 400000, guid: 44fa26641cc3df847ad77e239d1f30da, type: 3}
      propertyPath: m_RootOrder
      value: 9
      objectReference: {fileID: 0}
    - target: {fileID: 100000, guid: 44fa26641cc3df847ad77e239d1f30da, type: 3}
      propertyPath: m_Name
      value: col_TrackStraight_01 (22)
      objectReference: {fileID: 0}
    m_RemovedComponents: []
  m_ParentPrefab: {fileID: 100100000, guid: 44fa26641cc3df847ad77e239d1f30da, type: 3}
  m_IsPrefabParent: 0
--- !u!1001 &1262927520
Prefab:
  m_ObjectHideFlags: 0
  serializedVersion: 2
  m_Modification:
    m_TransformParent: {fileID: 1847960407}
    m_Modifications:
    - target: {fileID: 400000, guid: 45aca106112fbc744a0b94cc9868ed2b, type: 3}
      propertyPath: m_LocalPosition.x
      value: 0
      objectReference: {fileID: 0}
    - target: {fileID: 400000, guid: 45aca106112fbc744a0b94cc9868ed2b, type: 3}
      propertyPath: m_LocalPosition.y
      value: 0
      objectReference: {fileID: 0}
    - target: {fileID: 400000, guid: 45aca106112fbc744a0b94cc9868ed2b, type: 3}
      propertyPath: m_LocalPosition.z
      value: 9
      objectReference: {fileID: 0}
    - target: {fileID: 400000, guid: 45aca106112fbc744a0b94cc9868ed2b, type: 3}
      propertyPath: m_LocalRotation.x
      value: 0
      objectReference: {fileID: 0}
    - target: {fileID: 400000, guid: 45aca106112fbc744a0b94cc9868ed2b, type: 3}
      propertyPath: m_LocalRotation.y
      value: 0
      objectReference: {fileID: 0}
    - target: {fileID: 400000, guid: 45aca106112fbc744a0b94cc9868ed2b, type: 3}
      propertyPath: m_LocalRotation.z
      value: 0
      objectReference: {fileID: 0}
    - target: {fileID: 400000, guid: 45aca106112fbc744a0b94cc9868ed2b, type: 3}
      propertyPath: m_LocalRotation.w
      value: 1
      objectReference: {fileID: 0}
    - target: {fileID: 400000, guid: 45aca106112fbc744a0b94cc9868ed2b, type: 3}
      propertyPath: m_RootOrder
      value: 9
      objectReference: {fileID: 0}
    - target: {fileID: 100000, guid: 45aca106112fbc744a0b94cc9868ed2b, type: 3}
      propertyPath: m_Name
      value: mesh_TrackRoadStraight_01 (9)
      objectReference: {fileID: 0}
    m_RemovedComponents: []
  m_ParentPrefab: {fileID: 100100000, guid: 45aca106112fbc744a0b94cc9868ed2b, type: 3}
  m_IsPrefabParent: 0
--- !u!1 &1366604904
GameObject:
  m_ObjectHideFlags: 0
  m_PrefabParentObject: {fileID: 0}
  m_PrefabInternal: {fileID: 0}
  serializedVersion: 4
  m_Component:
  - 4: {fileID: 1366604908}
  - 33: {fileID: 1366604907}
  - 23: {fileID: 1366604906}
  - 54: {fileID: 1366604905}
  m_Layer: 0
  m_Name: Meshcombinetest (2)
  m_TagString: Untagged
  m_Icon: {fileID: 0}
  m_NavMeshLayer: 0
  m_StaticEditorFlags: 0
  m_IsActive: 1
--- !u!54 &1366604905
Rigidbody:
  m_ObjectHideFlags: 0
  m_PrefabParentObject: {fileID: 0}
  m_PrefabInternal: {fileID: 0}
  m_GameObject: {fileID: 1366604904}
  serializedVersion: 2
  m_Mass: 1
  m_Drag: 0
  m_AngularDrag: 0.05
  m_UseGravity: 1
  m_IsKinematic: 1
  m_Interpolate: 0
  m_Constraints: 0
  m_CollisionDetection: 0
--- !u!23 &1366604906
MeshRenderer:
  m_ObjectHideFlags: 0
  m_PrefabParentObject: {fileID: 0}
  m_PrefabInternal: {fileID: 0}
  m_GameObject: {fileID: 1366604904}
  m_Enabled: 1
  m_CastShadows: 1
  m_ReceiveShadows: 1
  m_Materials:
  - {fileID: 2100000, guid: 73e92f3704c35478f8e8c67f4ed11976, type: 2}
  m_SubsetIndices: 
  m_StaticBatchRoot: {fileID: 0}
  m_UseLightProbes: 1
  m_ReflectionProbeUsage: 1
  m_ProbeAnchor: {fileID: 0}
  m_ScaleInLightmap: 1
  m_PreserveUVs: 0
  m_IgnoreNormalsForChartDetection: 0
  m_ImportantGI: 0
  m_MinimumChartSize: 4
  m_AutoUVMaxDistance: 0.5
  m_AutoUVMaxAngle: 89
  m_LightmapParameters: {fileID: 0}
  m_SortingLayerID: 0
  m_SortingOrder: 0
--- !u!33 &1366604907
MeshFilter:
  m_ObjectHideFlags: 0
  m_PrefabParentObject: {fileID: 0}
  m_PrefabInternal: {fileID: 0}
  m_GameObject: {fileID: 1366604904}
  m_Mesh: {fileID: 0}
--- !u!4 &1366604908
Transform:
  m_ObjectHideFlags: 0
  m_PrefabParentObject: {fileID: 0}
  m_PrefabInternal: {fileID: 0}
  m_GameObject: {fileID: 1366604904}
  m_LocalRotation: {x: 0, y: 0, z: 0, w: 1}
  m_LocalPosition: {x: 6, y: 0, z: 0}
  m_LocalScale: {x: 1, y: 1, z: 1}
  m_Children:
  - {fileID: 1198956271}
  - {fileID: 2063579543}
  - {fileID: 1221272975}
  m_Father: {fileID: 0}
  m_RootOrder: 4
--- !u!4 &1383505986 stripped
Transform:
  m_PrefabParentObject: {fileID: 400000, guid: 45aca106112fbc744a0b94cc9868ed2b, type: 3}
  m_PrefabInternal: {fileID: 2113696656}
--- !u!4 &1413937585 stripped
Transform:
  m_PrefabParentObject: {fileID: 400000, guid: 45aca106112fbc744a0b94cc9868ed2b, type: 3}
  m_PrefabInternal: {fileID: 1765403472}
--- !u!4 &1428364323 stripped
Transform:
  m_PrefabParentObject: {fileID: 400000, guid: 45aca106112fbc744a0b94cc9868ed2b, type: 3}
  m_PrefabInternal: {fileID: 1041841643}
--- !u!1001 &1467731080
Prefab:
  m_ObjectHideFlags: 0
  serializedVersion: 2
  m_Modification:
    m_TransformParent: {fileID: 1847960407}
    m_Modifications:
    - target: {fileID: 400000, guid: 45aca106112fbc744a0b94cc9868ed2b, type: 3}
      propertyPath: m_LocalPosition.x
      value: 0
      objectReference: {fileID: 0}
    - target: {fileID: 400000, guid: 45aca106112fbc744a0b94cc9868ed2b, type: 3}
      propertyPath: m_LocalPosition.y
      value: 0
      objectReference: {fileID: 0}
    - target: {fileID: 400000, guid: 45aca106112fbc744a0b94cc9868ed2b, type: 3}
      propertyPath: m_LocalPosition.z
      value: 0
      objectReference: {fileID: 0}
    - target: {fileID: 400000, guid: 45aca106112fbc744a0b94cc9868ed2b, type: 3}
      propertyPath: m_LocalRotation.x
      value: 0
      objectReference: {fileID: 0}
    - target: {fileID: 400000, guid: 45aca106112fbc744a0b94cc9868ed2b, type: 3}
      propertyPath: m_LocalRotation.y
      value: 0
      objectReference: {fileID: 0}
    - target: {fileID: 400000, guid: 45aca106112fbc744a0b94cc9868ed2b, type: 3}
      propertyPath: m_LocalRotation.z
      value: 0
      objectReference: {fileID: 0}
    - target: {fileID: 400000, guid: 45aca106112fbc744a0b94cc9868ed2b, type: 3}
      propertyPath: m_LocalRotation.w
      value: 1
      objectReference: {fileID: 0}
    - target: {fileID: 400000, guid: 45aca106112fbc744a0b94cc9868ed2b, type: 3}
      propertyPath: m_RootOrder
      value: 0
      objectReference: {fileID: 0}
    m_RemovedComponents: []
  m_ParentPrefab: {fileID: 100100000, guid: 45aca106112fbc744a0b94cc9868ed2b, type: 3}
  m_IsPrefabParent: 0
--- !u!4 &1475204966 stripped
Transform:
  m_PrefabParentObject: {fileID: 400000, guid: 45aca106112fbc744a0b94cc9868ed2b, type: 3}
  m_PrefabInternal: {fileID: 1262927520}
--- !u!1001 &1552709698
Prefab:
  m_ObjectHideFlags: 0
  serializedVersion: 2
  m_Modification:
    m_TransformParent: {fileID: 1847960407}
    m_Modifications:
    - target: {fileID: 400000, guid: 45aca106112fbc744a0b94cc9868ed2b, type: 3}
      propertyPath: m_LocalPosition.x
      value: 0
      objectReference: {fileID: 0}
    - target: {fileID: 400000, guid: 45aca106112fbc744a0b94cc9868ed2b, type: 3}
      propertyPath: m_LocalPosition.y
      value: 0
      objectReference: {fileID: 0}
    - target: {fileID: 400000, guid: 45aca106112fbc744a0b94cc9868ed2b, type: 3}
      propertyPath: m_LocalPosition.z
      value: 11
      objectReference: {fileID: 0}
    - target: {fileID: 400000, guid: 45aca106112fbc744a0b94cc9868ed2b, type: 3}
      propertyPath: m_LocalRotation.x
      value: 0
      objectReference: {fileID: 0}
    - target: {fileID: 400000, guid: 45aca106112fbc744a0b94cc9868ed2b, type: 3}
      propertyPath: m_LocalRotation.y
      value: 0
      objectReference: {fileID: 0}
    - target: {fileID: 400000, guid: 45aca106112fbc744a0b94cc9868ed2b, type: 3}
      propertyPath: m_LocalRotation.z
      value: 0
      objectReference: {fileID: 0}
    - target: {fileID: 400000, guid: 45aca106112fbc744a0b94cc9868ed2b, type: 3}
      propertyPath: m_LocalRotation.w
      value: 1
      objectReference: {fileID: 0}
    - target: {fileID: 400000, guid: 45aca106112fbc744a0b94cc9868ed2b, type: 3}
      propertyPath: m_RootOrder
      value: 11
      objectReference: {fileID: 0}
    - target: {fileID: 100000, guid: 45aca106112fbc744a0b94cc9868ed2b, type: 3}
      propertyPath: m_Name
      value: mesh_TrackRoadStraight_01 (11)
      objectReference: {fileID: 0}
    m_RemovedComponents: []
  m_ParentPrefab: {fileID: 100100000, guid: 45aca106112fbc744a0b94cc9868ed2b, type: 3}
  m_IsPrefabParent: 0
--- !u!4 &1573052186 stripped
Transform:
  m_PrefabParentObject: {fileID: 400000, guid: 45aca106112fbc744a0b94cc9868ed2b, type: 3}
  m_PrefabInternal: {fileID: 147532278}
--- !u!1001 &1590940043
Prefab:
  m_ObjectHideFlags: 0
  serializedVersion: 2
  m_Modification:
    m_TransformParent: {fileID: 1224885621}
    m_Modifications:
    - target: {fileID: 400000, guid: 44fa26641cc3df847ad77e239d1f30da, type: 3}
      propertyPath: m_LocalPosition.x
      value: 0
      objectReference: {fileID: 0}
    - target: {fileID: 400000, guid: 44fa26641cc3df847ad77e239d1f30da, type: 3}
      propertyPath: m_LocalPosition.y
      value: 0
      objectReference: {fileID: 0}
    - target: {fileID: 400000, guid: 44fa26641cc3df847ad77e239d1f30da, type: 3}
      propertyPath: m_LocalPosition.z
      value: 6
      objectReference: {fileID: 0}
    - target: {fileID: 400000, guid: 44fa26641cc3df847ad77e239d1f30da, type: 3}
      propertyPath: m_LocalRotation.x
      value: 0
      objectReference: {fileID: 0}
    - target: {fileID: 400000, guid: 44fa26641cc3df847ad77e239d1f30da, type: 3}
      propertyPath: m_LocalRotation.y
      value: 0
      objectReference: {fileID: 0}
    - target: {fileID: 400000, guid: 44fa26641cc3df847ad77e239d1f30da, type: 3}
      propertyPath: m_LocalRotation.z
      value: 0
      objectReference: {fileID: 0}
    - target: {fileID: 400000, guid: 44fa26641cc3df847ad77e239d1f30da, type: 3}
      propertyPath: m_LocalRotation.w
      value: 1
      objectReference: {fileID: 0}
    - target: {fileID: 400000, guid: 44fa26641cc3df847ad77e239d1f30da, type: 3}
      propertyPath: m_RootOrder
      value: 5
      objectReference: {fileID: 0}
    - target: {fileID: 100000, guid: 44fa26641cc3df847ad77e239d1f30da, type: 3}
      propertyPath: m_Name
      value: col_TrackStraight_01 (18)
      objectReference: {fileID: 0}
    m_RemovedComponents: []
  m_ParentPrefab: {fileID: 100100000, guid: 44fa26641cc3df847ad77e239d1f30da, type: 3}
  m_IsPrefabParent: 0
--- !u!4 &1645301481 stripped
Transform:
  m_PrefabParentObject: {fileID: 400000, guid: 45aca106112fbc744a0b94cc9868ed2b, type: 3}
  m_PrefabInternal: {fileID: 1753095367}
--- !u!1 &1661972324 stripped
GameObject:
  m_PrefabParentObject: {fileID: 100000, guid: 44fa26641cc3df847ad77e239d1f30da, type: 3}
  m_PrefabInternal: {fileID: 1890325666}
--- !u!4 &1661972325 stripped
Transform:
  m_PrefabParentObject: {fileID: 400000, guid: 44fa26641cc3df847ad77e239d1f30da, type: 3}
  m_PrefabInternal: {fileID: 1890325666}
--- !u!64 &1661972328
MeshCollider:
  m_ObjectHideFlags: 0
  m_PrefabParentObject: {fileID: 0}
  m_PrefabInternal: {fileID: 0}
  m_GameObject: {fileID: 1661972324}
  m_Material: {fileID: 13400000, guid: b7576e8e94690fa4d957a8180011fc37, type: 2}
  m_IsTrigger: 0
  m_Enabled: 1
  serializedVersion: 2
  m_Convex: 0
  m_Mesh: {fileID: 4300000, guid: 44fa26641cc3df847ad77e239d1f30da, type: 3}
--- !u!4 &1683124875 stripped
Transform:
  m_PrefabParentObject: {fileID: 400000, guid: 45aca106112fbc744a0b94cc9868ed2b, type: 3}
  m_PrefabInternal: {fileID: 1467731080}
--- !u!1001 &1707595517
Prefab:
  m_ObjectHideFlags: 0
  serializedVersion: 2
  m_Modification:
    m_TransformParent: {fileID: 1847960407}
    m_Modifications:
    - target: {fileID: 400000, guid: 45aca106112fbc744a0b94cc9868ed2b, type: 3}
      propertyPath: m_LocalPosition.x
      value: 0
      objectReference: {fileID: 0}
    - target: {fileID: 400000, guid: 45aca106112fbc744a0b94cc9868ed2b, type: 3}
      propertyPath: m_LocalPosition.y
      value: 0
      objectReference: {fileID: 0}
    - target: {fileID: 400000, guid: 45aca106112fbc744a0b94cc9868ed2b, type: 3}
      propertyPath: m_LocalPosition.z
      value: 10
      objectReference: {fileID: 0}
    - target: {fileID: 400000, guid: 45aca106112fbc744a0b94cc9868ed2b, type: 3}
      propertyPath: m_LocalRotation.x
      value: 0
      objectReference: {fileID: 0}
    - target: {fileID: 400000, guid: 45aca106112fbc744a0b94cc9868ed2b, type: 3}
      propertyPath: m_LocalRotation.y
      value: 0
      objectReference: {fileID: 0}
    - target: {fileID: 400000, guid: 45aca106112fbc744a0b94cc9868ed2b, type: 3}
      propertyPath: m_LocalRotation.z
      value: 0
      objectReference: {fileID: 0}
    - target: {fileID: 400000, guid: 45aca106112fbc744a0b94cc9868ed2b, type: 3}
      propertyPath: m_LocalRotation.w
      value: 1
      objectReference: {fileID: 0}
    - target: {fileID: 400000, guid: 45aca106112fbc744a0b94cc9868ed2b, type: 3}
      propertyPath: m_RootOrder
      value: 10
      objectReference: {fileID: 0}
    - target: {fileID: 100000, guid: 45aca106112fbc744a0b94cc9868ed2b, type: 3}
      propertyPath: m_Name
      value: mesh_TrackRoadStraight_01 (10)
      objectReference: {fileID: 0}
    m_RemovedComponents: []
  m_ParentPrefab: {fileID: 100100000, guid: 45aca106112fbc744a0b94cc9868ed2b, type: 3}
  m_IsPrefabParent: 0
--- !u!1001 &1736564285
Prefab:
  m_ObjectHideFlags: 0
  serializedVersion: 2
  m_Modification:
    m_TransformParent: {fileID: 1224885621}
    m_Modifications:
    - target: {fileID: 400000, guid: 44fa26641cc3df847ad77e239d1f30da, type: 3}
      propertyPath: m_LocalPosition.x
      value: 0
      objectReference: {fileID: 0}
    - target: {fileID: 400000, guid: 44fa26641cc3df847ad77e239d1f30da, type: 3}
      propertyPath: m_LocalPosition.y
      value: 0
      objectReference: {fileID: 0}
    - target: {fileID: 400000, guid: 44fa26641cc3df847ad77e239d1f30da, type: 3}
      propertyPath: m_LocalPosition.z
      value: 4
      objectReference: {fileID: 0}
    - target: {fileID: 400000, guid: 44fa26641cc3df847ad77e239d1f30da, type: 3}
      propertyPath: m_LocalRotation.x
      value: 0
      objectReference: {fileID: 0}
    - target: {fileID: 400000, guid: 44fa26641cc3df847ad77e239d1f30da, type: 3}
      propertyPath: m_LocalRotation.y
      value: 0
      objectReference: {fileID: 0}
    - target: {fileID: 400000, guid: 44fa26641cc3df847ad77e239d1f30da, type: 3}
      propertyPath: m_LocalRotation.z
      value: 0
      objectReference: {fileID: 0}
    - target: {fileID: 400000, guid: 44fa26641cc3df847ad77e239d1f30da, type: 3}
      propertyPath: m_LocalRotation.w
      value: 1
      objectReference: {fileID: 0}
    - target: {fileID: 400000, guid: 44fa26641cc3df847ad77e239d1f30da, type: 3}
      propertyPath: m_RootOrder
      value: 7
      objectReference: {fileID: 0}
    - target: {fileID: 100000, guid: 44fa26641cc3df847ad77e239d1f30da, type: 3}
      propertyPath: m_Name
      value: col_TrackStraight_01 (20)
      objectReference: {fileID: 0}
    m_RemovedComponents: []
  m_ParentPrefab: {fileID: 100100000, guid: 44fa26641cc3df847ad77e239d1f30da, type: 3}
  m_IsPrefabParent: 0
--- !u!1001 &1753095367
Prefab:
  m_ObjectHideFlags: 0
  serializedVersion: 2
  m_Modification:
    m_TransformParent: {fileID: 1847960407}
    m_Modifications:
    - target: {fileID: 400000, guid: 45aca106112fbc744a0b94cc9868ed2b, type: 3}
      propertyPath: m_LocalPosition.x
      value: 0
      objectReference: {fileID: 0}
    - target: {fileID: 400000, guid: 45aca106112fbc744a0b94cc9868ed2b, type: 3}
      propertyPath: m_LocalPosition.y
      value: 0
      objectReference: {fileID: 0}
    - target: {fileID: 400000, guid: 45aca106112fbc744a0b94cc9868ed2b, type: 3}
      propertyPath: m_LocalPosition.z
      value: 4
      objectReference: {fileID: 0}
    - target: {fileID: 400000, guid: 45aca106112fbc744a0b94cc9868ed2b, type: 3}
      propertyPath: m_LocalRotation.x
      value: 0
      objectReference: {fileID: 0}
    - target: {fileID: 400000, guid: 45aca106112fbc744a0b94cc9868ed2b, type: 3}
      propertyPath: m_LocalRotation.y
      value: 0
      objectReference: {fileID: 0}
    - target: {fileID: 400000, guid: 45aca106112fbc744a0b94cc9868ed2b, type: 3}
      propertyPath: m_LocalRotation.z
      value: 0
      objectReference: {fileID: 0}
    - target: {fileID: 400000, guid: 45aca106112fbc744a0b94cc9868ed2b, type: 3}
      propertyPath: m_LocalRotation.w
      value: 1
      objectReference: {fileID: 0}
    - target: {fileID: 400000, guid: 45aca106112fbc744a0b94cc9868ed2b, type: 3}
      propertyPath: m_RootOrder
      value: 4
      objectReference: {fileID: 0}
    - target: {fileID: 100000, guid: 45aca106112fbc744a0b94cc9868ed2b, type: 3}
      propertyPath: m_Name
      value: mesh_TrackRoadStraight_01 (4)
      objectReference: {fileID: 0}
    m_RemovedComponents: []
  m_ParentPrefab: {fileID: 100100000, guid: 45aca106112fbc744a0b94cc9868ed2b, type: 3}
  m_IsPrefabParent: 0
--- !u!1001 &1757194417
Prefab:
  m_ObjectHideFlags: 0
  serializedVersion: 2
  m_Modification:
    m_TransformParent: {fileID: 1224885621}
    m_Modifications:
    - target: {fileID: 400000, guid: 44fa26641cc3df847ad77e239d1f30da, type: 3}
      propertyPath: m_LocalPosition.x
      value: 0
      objectReference: {fileID: 0}
    - target: {fileID: 400000, guid: 44fa26641cc3df847ad77e239d1f30da, type: 3}
      propertyPath: m_LocalPosition.y
      value: 0
      objectReference: {fileID: 0}
    - target: {fileID: 400000, guid: 44fa26641cc3df847ad77e239d1f30da, type: 3}
      propertyPath: m_LocalPosition.z
      value: 11
      objectReference: {fileID: 0}
    - target: {fileID: 400000, guid: 44fa26641cc3df847ad77e239d1f30da, type: 3}
      propertyPath: m_LocalRotation.x
      value: 0
      objectReference: {fileID: 0}
    - target: {fileID: 400000, guid: 44fa26641cc3df847ad77e239d1f30da, type: 3}
      propertyPath: m_LocalRotation.y
      value: 0
      objectReference: {fileID: 0}
    - target: {fileID: 400000, guid: 44fa26641cc3df847ad77e239d1f30da, type: 3}
      propertyPath: m_LocalRotation.z
      value: 0
      objectReference: {fileID: 0}
    - target: {fileID: 400000, guid: 44fa26641cc3df847ad77e239d1f30da, type: 3}
      propertyPath: m_LocalRotation.w
      value: 1
      objectReference: {fileID: 0}
    - target: {fileID: 400000, guid: 44fa26641cc3df847ad77e239d1f30da, type: 3}
      propertyPath: m_RootOrder
      value: 0
      objectReference: {fileID: 0}
    - target: {fileID: 100000, guid: 44fa26641cc3df847ad77e239d1f30da, type: 3}
      propertyPath: m_Name
      value: col_TrackStraight_01 (13)
      objectReference: {fileID: 0}
    m_RemovedComponents: []
  m_ParentPrefab: {fileID: 100100000, guid: 44fa26641cc3df847ad77e239d1f30da, type: 3}
  m_IsPrefabParent: 0
--- !u!1001 &1765403472
Prefab:
  m_ObjectHideFlags: 0
  serializedVersion: 2
  m_Modification:
    m_TransformParent: {fileID: 1847960407}
    m_Modifications:
    - target: {fileID: 400000, guid: 45aca106112fbc744a0b94cc9868ed2b, type: 3}
      propertyPath: m_LocalPosition.x
      value: 0
      objectReference: {fileID: 0}
    - target: {fileID: 400000, guid: 45aca106112fbc744a0b94cc9868ed2b, type: 3}
      propertyPath: m_LocalPosition.y
      value: 0
      objectReference: {fileID: 0}
    - target: {fileID: 400000, guid: 45aca106112fbc744a0b94cc9868ed2b, type: 3}
      propertyPath: m_LocalPosition.z
      value: 2
      objectReference: {fileID: 0}
    - target: {fileID: 400000, guid: 45aca106112fbc744a0b94cc9868ed2b, type: 3}
      propertyPath: m_LocalRotation.x
      value: 0
      objectReference: {fileID: 0}
    - target: {fileID: 400000, guid: 45aca106112fbc744a0b94cc9868ed2b, type: 3}
      propertyPath: m_LocalRotation.y
      value: 0
      objectReference: {fileID: 0}
    - target: {fileID: 400000, guid: 45aca106112fbc744a0b94cc9868ed2b, type: 3}
      propertyPath: m_LocalRotation.z
      value: 0
      objectReference: {fileID: 0}
    - target: {fileID: 400000, guid: 45aca106112fbc744a0b94cc9868ed2b, type: 3}
      propertyPath: m_LocalRotation.w
      value: 1
      objectReference: {fileID: 0}
    - target: {fileID: 400000, guid: 45aca106112fbc744a0b94cc9868ed2b, type: 3}
      propertyPath: m_RootOrder
      value: 2
      objectReference: {fileID: 0}
    - target: {fileID: 100000, guid: 45aca106112fbc744a0b94cc9868ed2b, type: 3}
      propertyPath: m_Name
      value: mesh_TrackRoadStraight_01 (2)
      objectReference: {fileID: 0}
    m_RemovedComponents: []
  m_ParentPrefab: {fileID: 100100000, guid: 45aca106112fbc744a0b94cc9868ed2b, type: 3}
  m_IsPrefabParent: 0
--- !u!1 &1780367560 stripped
GameObject:
  m_PrefabParentObject: {fileID: 100000, guid: 44fa26641cc3df847ad77e239d1f30da, type: 3}
  m_PrefabInternal: {fileID: 1590940043}
--- !u!4 &1780367561 stripped
Transform:
  m_PrefabParentObject: {fileID: 400000, guid: 44fa26641cc3df847ad77e239d1f30da, type: 3}
  m_PrefabInternal: {fileID: 1590940043}
--- !u!64 &1780367564
MeshCollider:
  m_ObjectHideFlags: 0
  m_PrefabParentObject: {fileID: 0}
  m_PrefabInternal: {fileID: 0}
  m_GameObject: {fileID: 1780367560}
  m_Material: {fileID: 13400000, guid: b7576e8e94690fa4d957a8180011fc37, type: 2}
  m_IsTrigger: 0
  m_Enabled: 1
  serializedVersion: 2
  m_Convex: 0
  m_Mesh: {fileID: 4300000, guid: 44fa26641cc3df847ad77e239d1f30da, type: 3}
--- !u!1 &1805717000 stripped
GameObject:
  m_PrefabParentObject: {fileID: 100000, guid: 4942872f38d36954eb91e33d83b912fd, type: 3}
  m_PrefabInternal: {fileID: 964757411}
--- !u!4 &1805717001 stripped
Transform:
  m_PrefabParentObject: {fileID: 400000, guid: 4942872f38d36954eb91e33d83b912fd, type: 3}
  m_PrefabInternal: {fileID: 964757411}
--- !u!64 &1805717004
MeshCollider:
  m_ObjectHideFlags: 0
  m_PrefabParentObject: {fileID: 0}
  m_PrefabInternal: {fileID: 0}
  m_GameObject: {fileID: 1805717000}
  m_Material: {fileID: 0}
  m_IsTrigger: 0
  m_Enabled: 1
  serializedVersion: 2
  m_Convex: 0
  m_Mesh: {fileID: 4300002, guid: 4942872f38d36954eb91e33d83b912fd, type: 3}
--- !u!4 &1816963122 stripped
Transform:
  m_PrefabParentObject: {fileID: 400000, guid: 45aca106112fbc744a0b94cc9868ed2b, type: 3}
  m_PrefabInternal: {fileID: 1087645935}
--- !u!1 &1847960403
GameObject:
  m_ObjectHideFlags: 0
  m_PrefabParentObject: {fileID: 0}
  m_PrefabInternal: {fileID: 0}
  serializedVersion: 4
  m_Component:
  - 4: {fileID: 1847960407}
  - 114: {fileID: 1847960406}
  - 33: {fileID: 1847960405}
  - 23: {fileID: 1847960404}
  - 64: {fileID: 1847960408}
  - 54: {fileID: 1847960409}
  m_Layer: 0
  m_Name: Meshcombinetest
  m_TagString: Untagged
  m_Icon: {fileID: 0}
  m_NavMeshLayer: 0
  m_StaticEditorFlags: 0
  m_IsActive: 1
--- !u!23 &1847960404
MeshRenderer:
  m_ObjectHideFlags: 0
  m_PrefabParentObject: {fileID: 0}
  m_PrefabInternal: {fileID: 0}
  m_GameObject: {fileID: 1847960403}
  m_Enabled: 1
  m_CastShadows: 1
  m_ReceiveShadows: 1
  m_Materials:
  - {fileID: 2100000, guid: 73e92f3704c35478f8e8c67f4ed11976, type: 2}
  m_SubsetIndices: 
  m_StaticBatchRoot: {fileID: 0}
  m_UseLightProbes: 1
  m_ReflectionProbeUsage: 1
  m_ProbeAnchor: {fileID: 0}
  m_ScaleInLightmap: 1
  m_PreserveUVs: 0
  m_IgnoreNormalsForChartDetection: 0
  m_ImportantGI: 0
  m_MinimumChartSize: 4
  m_AutoUVMaxDistance: 0.5
  m_AutoUVMaxAngle: 89
  m_LightmapParameters: {fileID: 0}
  m_SortingLayerID: 0
  m_SortingOrder: 0
--- !u!33 &1847960405
MeshFilter:
  m_ObjectHideFlags: 0
  m_PrefabParentObject: {fileID: 0}
  m_PrefabInternal: {fileID: 0}
  m_GameObject: {fileID: 1847960403}
  m_Mesh: {fileID: 0}
--- !u!114 &1847960406
MonoBehaviour:
  m_ObjectHideFlags: 0
  m_PrefabParentObject: {fileID: 0}
  m_PrefabInternal: {fileID: 0}
  m_GameObject: {fileID: 1847960403}
  m_Enabled: 1
  m_EditorHideFlags: 0
  m_Script: {fileID: 11500000, guid: 4cc86c953904b9241bdd8fae6877e934, type: 3}
  m_Name: 
  m_EditorClassIdentifier: 
  threshold: 0.001
  bucketstep: 1
--- !u!4 &1847960407
Transform:
  m_ObjectHideFlags: 0
  m_PrefabParentObject: {fileID: 0}
  m_PrefabInternal: {fileID: 0}
  m_GameObject: {fileID: 1847960403}
  m_LocalRotation: {x: 0, y: 0, z: 0, w: 1}
  m_LocalPosition: {x: 0, y: 0, z: 0}
  m_LocalScale: {x: 1, y: 1, z: 1}
  m_Children:
  - {fileID: 1683124875}
  - {fileID: 1383505986}
  - {fileID: 1413937585}
  - {fileID: 1573052186}
  - {fileID: 1645301481}
  - {fileID: 1428364323}
  - {fileID: 1816963122}
  - {fileID: 753033667}
  - {fileID: 1898501540}
  - {fileID: 1475204966}
  - {fileID: 104385230}
  - {fileID: 515405306}
  m_Father: {fileID: 0}
  m_RootOrder: 2
--- !u!64 &1847960408
MeshCollider:
  m_ObjectHideFlags: 0
  m_PrefabParentObject: {fileID: 0}
  m_PrefabInternal: {fileID: 0}
  m_GameObject: {fileID: 1847960403}
  m_Material: {fileID: 13400000, guid: b7576e8e94690fa4d957a8180011fc37, type: 2}
  m_IsTrigger: 0
  m_Enabled: 1
  serializedVersion: 2
  m_Convex: 0
  m_Mesh: {fileID: 0}
--- !u!54 &1847960409
Rigidbody:
  m_ObjectHideFlags: 0
  m_PrefabParentObject: {fileID: 0}
  m_PrefabInternal: {fileID: 0}
  m_GameObject: {fileID: 1847960403}
  serializedVersion: 2
  m_Mass: 1
  m_Drag: 0
  m_AngularDrag: 0.05
  m_UseGravity: 1
  m_IsKinematic: 1
  m_Interpolate: 0
  m_Constraints: 0
  m_CollisionDetection: 0
--- !u!1 &1863372336
GameObject:
  m_ObjectHideFlags: 0
  m_PrefabParentObject: {fileID: 0}
  m_PrefabInternal: {fileID: 0}
  serializedVersion: 4
  m_Component:
  - 4: {fileID: 1863372341}
  - 33: {fileID: 1863372340}
  - 135: {fileID: 1863372339}
  - 23: {fileID: 1863372338}
  - 54: {fileID: 1863372337}
  - 114: {fileID: 1863372342}
  m_Layer: 0
  m_Name: Sphere
  m_TagString: Untagged
  m_Icon: {fileID: 0}
  m_NavMeshLayer: 0
  m_StaticEditorFlags: 0
  m_IsActive: 1
--- !u!54 &1863372337
Rigidbody:
  m_ObjectHideFlags: 0
  m_PrefabParentObject: {fileID: 0}
  m_PrefabInternal: {fileID: 0}
  m_GameObject: {fileID: 1863372336}
  serializedVersion: 2
  m_Mass: 1
  m_Drag: 1
  m_AngularDrag: 1
  m_UseGravity: 1
  m_IsKinematic: 0
  m_Interpolate: 0
  m_Constraints: 0
  m_CollisionDetection: 0
--- !u!23 &1863372338
MeshRenderer:
  m_ObjectHideFlags: 0
  m_PrefabParentObject: {fileID: 0}
  m_PrefabInternal: {fileID: 0}
  m_GameObject: {fileID: 1863372336}
  m_Enabled: 1
  m_CastShadows: 1
  m_ReceiveShadows: 1
  m_Materials:
  - {fileID: 10303, guid: 0000000000000000f000000000000000, type: 0}
  m_SubsetIndices: 
  m_StaticBatchRoot: {fileID: 0}
  m_UseLightProbes: 1
  m_ReflectionProbeUsage: 1
  m_ProbeAnchor: {fileID: 0}
  m_ScaleInLightmap: 1
  m_PreserveUVs: 1
  m_IgnoreNormalsForChartDetection: 0
  m_ImportantGI: 0
  m_MinimumChartSize: 4
  m_AutoUVMaxDistance: 0.5
  m_AutoUVMaxAngle: 89
  m_LightmapParameters: {fileID: 0}
  m_SortingLayerID: 0
  m_SortingOrder: 0
--- !u!135 &1863372339
SphereCollider:
  m_ObjectHideFlags: 0
  m_PrefabParentObject: {fileID: 0}
  m_PrefabInternal: {fileID: 0}
  m_GameObject: {fileID: 1863372336}
  m_Material: {fileID: 13400000, guid: b7576e8e94690fa4d957a8180011fc37, type: 2}
  m_IsTrigger: 0
  m_Enabled: 1
  serializedVersion: 2
  m_Radius: 0.5
  m_Center: {x: 0, y: 0, z: 0}
--- !u!33 &1863372340
MeshFilter:
  m_ObjectHideFlags: 0
  m_PrefabParentObject: {fileID: 0}
  m_PrefabInternal: {fileID: 0}
  m_GameObject: {fileID: 1863372336}
  m_Mesh: {fileID: 10207, guid: 0000000000000000e000000000000000, type: 0}
--- !u!4 &1863372341
Transform:
  m_ObjectHideFlags: 0
  m_PrefabParentObject: {fileID: 0}
  m_PrefabInternal: {fileID: 0}
  m_GameObject: {fileID: 1863372336}
  m_LocalRotation: {x: 0, y: 0, z: 0, w: 1}
  m_LocalPosition: {x: 3, y: 1, z: 1}
  m_LocalScale: {x: 0.12121898, y: 0.121218994, z: 0.121218994}
  m_Children: []
  m_Father: {fileID: 0}
  m_RootOrder: 5
--- !u!114 &1863372342
MonoBehaviour:
  m_ObjectHideFlags: 0
  m_PrefabParentObject: {fileID: 0}
  m_PrefabInternal: {fileID: 0}
  m_GameObject: {fileID: 1863372336}
  m_Enabled: 1
  m_EditorHideFlags: 0
  m_Script: {fileID: 11500000, guid: a2927df70b205684bad1b39d12273012, type: 3}
  m_Name: 
  m_EditorClassIdentifier: 
  force: {x: 100, y: 0, z: 1000}
  onStart: 0
--- !u!1001 &1871815716
Prefab:
  m_ObjectHideFlags: 0
  serializedVersion: 2
  m_Modification:
    m_TransformParent: {fileID: 1224885621}
    m_Modifications:
    - target: {fileID: 400000, guid: 44fa26641cc3df847ad77e239d1f30da, type: 3}
      propertyPath: m_LocalPosition.x
      value: 0
      objectReference: {fileID: 0}
    - target: {fileID: 400000, guid: 44fa26641cc3df847ad77e239d1f30da, type: 3}
      propertyPath: m_LocalPosition.y
      value: 0
      objectReference: {fileID: 0}
    - target: {fileID: 400000, guid: 44fa26641cc3df847ad77e239d1f30da, type: 3}
      propertyPath: m_LocalPosition.z
      value: 7
      objectReference: {fileID: 0}
    - target: {fileID: 400000, guid: 44fa26641cc3df847ad77e239d1f30da, type: 3}
      propertyPath: m_LocalRotation.x
      value: 0
      objectReference: {fileID: 0}
    - target: {fileID: 400000, guid: 44fa26641cc3df847ad77e239d1f30da, type: 3}
      propertyPath: m_LocalRotation.y
      value: 0
      objectReference: {fileID: 0}
    - target: {fileID: 400000, guid: 44fa26641cc3df847ad77e239d1f30da, type: 3}
      propertyPath: m_LocalRotation.z
      value: 0
      objectReference: {fileID: 0}
    - target: {fileID: 400000, guid: 44fa26641cc3df847ad77e239d1f30da, type: 3}
      propertyPath: m_LocalRotation.w
      value: 1
      objectReference: {fileID: 0}
    - target: {fileID: 400000, guid: 44fa26641cc3df847ad77e239d1f30da, type: 3}
      propertyPath: m_RootOrder
      value: 4
      objectReference: {fileID: 0}
    - target: {fileID: 100000, guid: 44fa26641cc3df847ad77e239d1f30da, type: 3}
      propertyPath: m_Name
      value: col_TrackStraight_01 (17)
      objectReference: {fileID: 0}
    m_RemovedComponents: []
  m_ParentPrefab: {fileID: 100100000, guid: 44fa26641cc3df847ad77e239d1f30da, type: 3}
  m_IsPrefabParent: 0
--- !u!1001 &1890325666
Prefab:
  m_ObjectHideFlags: 0
  serializedVersion: 2
  m_Modification:
    m_TransformParent: {fileID: 1224885621}
    m_Modifications:
    - target: {fileID: 400000, guid: 44fa26641cc3df847ad77e239d1f30da, type: 3}
      propertyPath: m_LocalPosition.x
      value: 0
      objectReference: {fileID: 0}
    - target: {fileID: 400000, guid: 44fa26641cc3df847ad77e239d1f30da, type: 3}
      propertyPath: m_LocalPosition.y
      value: 0
      objectReference: {fileID: 0}
    - target: {fileID: 400000, guid: 44fa26641cc3df847ad77e239d1f30da, type: 3}
      propertyPath: m_LocalPosition.z
      value: 0
      objectReference: {fileID: 0}
    - target: {fileID: 400000, guid: 44fa26641cc3df847ad77e239d1f30da, type: 3}
      propertyPath: m_LocalRotation.x
      value: 0
      objectReference: {fileID: 0}
    - target: {fileID: 400000, guid: 44fa26641cc3df847ad77e239d1f30da, type: 3}
      propertyPath: m_LocalRotation.y
      value: 0
      objectReference: {fileID: 0}
    - target: {fileID: 400000, guid: 44fa26641cc3df847ad77e239d1f30da, type: 3}
      propertyPath: m_LocalRotation.z
      value: 0
      objectReference: {fileID: 0}
    - target: {fileID: 400000, guid: 44fa26641cc3df847ad77e239d1f30da, type: 3}
      propertyPath: m_LocalRotation.w
      value: 1
      objectReference: {fileID: 0}
    - target: {fileID: 400000, guid: 44fa26641cc3df847ad77e239d1f30da, type: 3}
      propertyPath: m_RootOrder
      value: 11
      objectReference: {fileID: 0}
    - target: {fileID: 100000, guid: 44fa26641cc3df847ad77e239d1f30da, type: 3}
      propertyPath: m_Name
      value: col_TrackStraight_01 (24)
      objectReference: {fileID: 0}
    m_RemovedComponents: []
  m_ParentPrefab: {fileID: 100100000, guid: 44fa26641cc3df847ad77e239d1f30da, type: 3}
  m_IsPrefabParent: 0
--- !u!4 &1898501540 stripped
Transform:
  m_PrefabParentObject: {fileID: 400000, guid: 45aca106112fbc744a0b94cc9868ed2b, type: 3}
  m_PrefabInternal: {fileID: 604915688}
--- !u!1001 &1998114168
Prefab:
  m_ObjectHideFlags: 0
  serializedVersion: 2
  m_Modification:
    m_TransformParent: {fileID: 1224885621}
    m_Modifications:
    - target: {fileID: 400000, guid: 44fa26641cc3df847ad77e239d1f30da, type: 3}
      propertyPath: m_LocalPosition.x
      value: 0
      objectReference: {fileID: 0}
    - target: {fileID: 400000, guid: 44fa26641cc3df847ad77e239d1f30da, type: 3}
      propertyPath: m_LocalPosition.y
      value: 0
      objectReference: {fileID: 0}
    - target: {fileID: 400000, guid: 44fa26641cc3df847ad77e239d1f30da, type: 3}
      propertyPath: m_LocalPosition.z
      value: 3
      objectReference: {fileID: 0}
    - target: {fileID: 400000, guid: 44fa26641cc3df847ad77e239d1f30da, type: 3}
      propertyPath: m_LocalRotation.x
      value: 0
      objectReference: {fileID: 0}
    - target: {fileID: 400000, guid: 44fa26641cc3df847ad77e239d1f30da, type: 3}
      propertyPath: m_LocalRotation.y
      value: 0
      objectReference: {fileID: 0}
    - target: {fileID: 400000, guid: 44fa26641cc3df847ad77e239d1f30da, type: 3}
      propertyPath: m_LocalRotation.z
      value: 0
      objectReference: {fileID: 0}
    - target: {fileID: 400000, guid: 44fa26641cc3df847ad77e239d1f30da, type: 3}
      propertyPath: m_LocalRotation.w
      value: 1
      objectReference: {fileID: 0}
    - target: {fileID: 400000, guid: 44fa26641cc3df847ad77e239d1f30da, type: 3}
      propertyPath: m_RootOrder
      value: 8
      objectReference: {fileID: 0}
    - target: {fileID: 100000, guid: 44fa26641cc3df847ad77e239d1f30da, type: 3}
      propertyPath: m_Name
      value: col_TrackStraight_01 (21)
      objectReference: {fileID: 0}
    m_RemovedComponents: []
  m_ParentPrefab: {fileID: 100100000, guid: 44fa26641cc3df847ad77e239d1f30da, type: 3}
  m_IsPrefabParent: 0
--- !u!1 &2063579542
GameObject:
  m_ObjectHideFlags: 0
  m_PrefabParentObject: {fileID: 0}
  m_PrefabInternal: {fileID: 0}
  serializedVersion: 4
  m_Component:
  - 4: {fileID: 2063579543}
  - 33: {fileID: 2063579546}
  - 65: {fileID: 2063579545}
  - 23: {fileID: 2063579544}
  m_Layer: 0
  m_Name: Cube (1)
  m_TagString: Untagged
  m_Icon: {fileID: 0}
  m_NavMeshLayer: 0
  m_StaticEditorFlags: 0
  m_IsActive: 1
--- !u!4 &2063579543
Transform:
  m_ObjectHideFlags: 0
  m_PrefabParentObject: {fileID: 0}
  m_PrefabInternal: {fileID: 0}
  m_GameObject: {fileID: 2063579542}
  m_LocalRotation: {x: 0, y: 0, z: 0, w: 1}
  m_LocalPosition: {x: -0.5, y: 0, z: 6.04}
  m_LocalScale: {x: 0.05, y: 0.2, z: 12}
  m_Children: []
  m_Father: {fileID: 1366604908}
  m_RootOrder: 1
--- !u!23 &2063579544
MeshRenderer:
  m_ObjectHideFlags: 0
  m_PrefabParentObject: {fileID: 0}
  m_PrefabInternal: {fileID: 0}
  m_GameObject: {fileID: 2063579542}
  m_Enabled: 1
  m_CastShadows: 1
  m_ReceiveShadows: 1
  m_Materials:
  - {fileID: 10303, guid: 0000000000000000f000000000000000, type: 0}
  m_SubsetIndices: 
  m_StaticBatchRoot: {fileID: 0}
  m_UseLightProbes: 1
  m_ReflectionProbeUsage: 1
  m_ProbeAnchor: {fileID: 0}
  m_ScaleInLightmap: 1
  m_PreserveUVs: 1
  m_IgnoreNormalsForChartDetection: 0
  m_ImportantGI: 0
  m_MinimumChartSize: 4
  m_AutoUVMaxDistance: 0.5
  m_AutoUVMaxAngle: 89
  m_LightmapParameters: {fileID: 0}
  m_SortingLayerID: 0
  m_SortingOrder: 0
--- !u!65 &2063579545
BoxCollider:
  m_ObjectHideFlags: 0
  m_PrefabParentObject: {fileID: 0}
  m_PrefabInternal: {fileID: 0}
  m_GameObject: {fileID: 2063579542}
  m_Material: {fileID: 13400000, guid: b7576e8e94690fa4d957a8180011fc37, type: 2}
  m_IsTrigger: 0
  m_Enabled: 1
  serializedVersion: 2
  m_Size: {x: 1, y: 1, z: 1}
  m_Center: {x: 0, y: 0, z: 0}
--- !u!33 &2063579546
MeshFilter:
  m_ObjectHideFlags: 0
  m_PrefabParentObject: {fileID: 0}
  m_PrefabInternal: {fileID: 0}
  m_GameObject: {fileID: 2063579542}
  m_Mesh: {fileID: 10202, guid: 0000000000000000e000000000000000, type: 0}
--- !u!1001 &2113696656
Prefab:
  m_ObjectHideFlags: 0
  serializedVersion: 2
  m_Modification:
    m_TransformParent: {fileID: 1847960407}
    m_Modifications:
    - target: {fileID: 400000, guid: 45aca106112fbc744a0b94cc9868ed2b, type: 3}
      propertyPath: m_LocalPosition.x
      value: 0
      objectReference: {fileID: 0}
    - target: {fileID: 400000, guid: 45aca106112fbc744a0b94cc9868ed2b, type: 3}
      propertyPath: m_LocalPosition.y
      value: 0
      objectReference: {fileID: 0}
    - target: {fileID: 400000, guid: 45aca106112fbc744a0b94cc9868ed2b, type: 3}
      propertyPath: m_LocalPosition.z
      value: 1
      objectReference: {fileID: 0}
    - target: {fileID: 400000, guid: 45aca106112fbc744a0b94cc9868ed2b, type: 3}
      propertyPath: m_LocalRotation.x
      value: 0
      objectReference: {fileID: 0}
    - target: {fileID: 400000, guid: 45aca106112fbc744a0b94cc9868ed2b, type: 3}
      propertyPath: m_LocalRotation.y
      value: 0
      objectReference: {fileID: 0}
    - target: {fileID: 400000, guid: 45aca106112fbc744a0b94cc9868ed2b, type: 3}
      propertyPath: m_LocalRotation.z
      value: 0
      objectReference: {fileID: 0}
    - target: {fileID: 400000, guid: 45aca106112fbc744a0b94cc9868ed2b, type: 3}
      propertyPath: m_LocalRotation.w
      value: 1
      objectReference: {fileID: 0}
    - target: {fileID: 400000, guid: 45aca106112fbc744a0b94cc9868ed2b, type: 3}
      propertyPath: m_RootOrder
      value: 1
      objectReference: {fileID: 0}
    - target: {fileID: 100000, guid: 45aca106112fbc744a0b94cc9868ed2b, type: 3}
      propertyPath: m_Name
      value: mesh_TrackRoadStraight_01 (1)
      objectReference: {fileID: 0}
    m_RemovedComponents: []
  m_ParentPrefab: {fileID: 100100000, guid: 45aca106112fbc744a0b94cc9868ed2b, type: 3}
  m_IsPrefabParent: 0
--- !u!1 &2131022234
GameObject:
  m_ObjectHideFlags: 0
  m_PrefabParentObject: {fileID: 0}
  m_PrefabInternal: {fileID: 0}
  serializedVersion: 4
  m_Component:
  - 4: {fileID: 2131022236}
  - 108: {fileID: 2131022235}
  m_Layer: 0
  m_Name: Directional Light
  m_TagString: Untagged
  m_Icon: {fileID: 0}
  m_NavMeshLayer: 0
  m_StaticEditorFlags: 0
  m_IsActive: 1
--- !u!108 &2131022235
Light:
  m_ObjectHideFlags: 0
  m_PrefabParentObject: {fileID: 0}
  m_PrefabInternal: {fileID: 0}
  m_GameObject: {fileID: 2131022234}
  m_Enabled: 1
  serializedVersion: 6
  m_Type: 1
  m_Color: {r: 1, g: 0.95686275, b: 0.8392157, a: 1}
  m_Intensity: 1
  m_Range: 10
  m_SpotAngle: 30
  m_CookieSize: 10
  m_Shadows:
    m_Type: 2
    m_Resolution: -1
    m_Strength: 1
    m_Bias: 0.05
    m_NormalBias: 0.4
    m_NearPlane: 0.2
  m_Cookie: {fileID: 0}
  m_DrawHalo: 0
  m_Flare: {fileID: 0}
  m_RenderMode: 0
  m_CullingMask:
    serializedVersion: 2
    m_Bits: 4294967295
  m_Lightmapping: 4
  m_BounceIntensity: 1
  m_ShadowRadius: 0
  m_ShadowAngle: 0
  m_AreaSize: {x: 1, y: 1}
--- !u!4 &2131022236
Transform:
  m_ObjectHideFlags: 0
  m_PrefabParentObject: {fileID: 0}
  m_PrefabInternal: {fileID: 0}
  m_GameObject: {fileID: 2131022234}
  m_LocalRotation: {x: 0.40821794, y: -0.23456973, z: 0.109381676, w: 0.87542605}
  m_LocalPosition: {x: 0, y: 3, z: 0}
  m_LocalScale: {x: 1, y: 1, z: 1}
  m_Children: []
  m_Father: {fileID: 0}
  m_RootOrder: 1
