%YAML 1.1
%TAG !u! tag:unity3d.com,2011:
--- !u!29 &1
SceneSettings:
  m_ObjectHideFlags: 0
  m_PVSData: 
  m_PVSObjectsArray: []
  m_PVSPortalsArray: []
  m_OcclusionBakeSettings:
    smallestOccluder: 5
    smallestHole: 0.25
    backfaceThreshold: 100
--- !u!104 &2
RenderSettings:
  m_ObjectHideFlags: 0
  serializedVersion: 7
  m_Fog: 0
  m_FogColor: {r: 0.5, g: 0.5, b: 0.5, a: 1}
  m_FogMode: 3
  m_FogDensity: 0.01
  m_LinearFogStart: 0
  m_LinearFogEnd: 300
  m_AmbientSkyColor: {r: 1, g: 1, b: 1, a: 1}
  m_AmbientEquatorColor: {r: 0.114, g: 0.125, b: 0.133, a: 1}
  m_AmbientGroundColor: {r: 0.047, g: 0.043, b: 0.035, a: 1}
  m_AmbientIntensity: 1
  m_AmbientMode: 3
  m_SkyboxMaterial: {fileID: 0}
  m_HaloStrength: 0.5
  m_FlareStrength: 1
  m_FlareFadeSpeed: 3
  m_HaloTexture: {fileID: 0}
  m_SpotCookie: {fileID: 10001, guid: 0000000000000000e000000000000000, type: 0}
  m_DefaultReflectionMode: 1
  m_DefaultReflectionResolution: 128
  m_ReflectionBounces: 1
  m_ReflectionIntensity: 0
  m_CustomReflection: {fileID: 0}
  m_Sun: {fileID: 0}
  m_IndirectSpecularColor: {r: 0, g: 0, b: 0, a: 1}
--- !u!157 &3
LightmapSettings:
  m_ObjectHideFlags: 0
  serializedVersion: 7
  m_GIWorkflowMode: 0
  m_GISettings:
    serializedVersion: 2
    m_BounceScale: 1
    m_IndirectOutputScale: 1
    m_AlbedoBoost: 1
    m_TemporalCoherenceThreshold: 1
    m_EnvironmentLightingMode: 0
    m_EnableBakedLightmaps: 1
    m_EnableRealtimeLightmaps: 1
  m_LightmapEditorSettings:
    serializedVersion: 4
    m_Resolution: 2
    m_BakeResolution: 40
    m_TextureWidth: 1024
    m_TextureHeight: 1024
    m_AO: 0
    m_AOMaxDistance: 1
    m_CompAOExponent: 1
    m_CompAOExponentDirect: 0
    m_Padding: 2
    m_LightmapParameters: {fileID: 0}
    m_LightmapsBakeMode: 1
    m_TextureCompression: 1
    m_DirectLightInLightProbes: 1
    m_FinalGather: 0
    m_FinalGatherFiltering: 1
    m_FinalGatherRayCount: 256
    m_ReflectionCompression: 2
  m_LightingDataAsset: {fileID: 0}
  m_RuntimeCPUUsage: 25
--- !u!196 &4
NavMeshSettings:
  serializedVersion: 2
  m_ObjectHideFlags: 0
  m_BuildSettings:
    serializedVersion: 2
    agentRadius: 0.5
    agentHeight: 2
    agentSlope: 45
    agentClimb: 0.4
    ledgeDropHeight: 0
    maxJumpAcrossDistance: 0
    accuratePlacement: 0
    minRegionArea: 2
    cellSize: 0.16666667
    manualCellSize: 0
  m_NavMeshData: {fileID: 0}
--- !u!1001 &133302950
Prefab:
  m_ObjectHideFlags: 0
  serializedVersion: 2
  m_Modification:
    m_TransformParent: {fileID: 0}
    m_Modifications:
    - target: {fileID: 400000, guid: b4e018f38622c524087aef13750d10d5, type: 3}
      propertyPath: m_LocalPosition.x
      value: -0.534
      objectReference: {fileID: 0}
    - target: {fileID: 400000, guid: b4e018f38622c524087aef13750d10d5, type: 3}
      propertyPath: m_LocalPosition.y
      value: 0.004
      objectReference: {fileID: 0}
    - target: {fileID: 400000, guid: b4e018f38622c524087aef13750d10d5, type: 3}
      propertyPath: m_LocalPosition.z
      value: -0.052
      objectReference: {fileID: 0}
    - target: {fileID: 400000, guid: b4e018f38622c524087aef13750d10d5, type: 3}
      propertyPath: m_LocalRotation.x
      value: 0
      objectReference: {fileID: 0}
    - target: {fileID: 400000, guid: b4e018f38622c524087aef13750d10d5, type: 3}
      propertyPath: m_LocalRotation.y
      value: 0
      objectReference: {fileID: 0}
    - target: {fileID: 400000, guid: b4e018f38622c524087aef13750d10d5, type: 3}
      propertyPath: m_LocalRotation.z
      value: 0
      objectReference: {fileID: 0}
    - target: {fileID: 400000, guid: b4e018f38622c524087aef13750d10d5, type: 3}
      propertyPath: m_LocalRotation.w
      value: 1
      objectReference: {fileID: 0}
    - target: {fileID: 400000, guid: b4e018f38622c524087aef13750d10d5, type: 3}
      propertyPath: m_RootOrder
      value: 4
      objectReference: {fileID: 0}
    - target: {fileID: 400000, guid: b4e018f38622c524087aef13750d10d5, type: 3}
      propertyPath: m_LocalScale.x
      value: 0.007837584
      objectReference: {fileID: 0}
    - target: {fileID: 400000, guid: b4e018f38622c524087aef13750d10d5, type: 3}
      propertyPath: m_LocalScale.y
      value: 0.007837589
      objectReference: {fileID: 0}
    - target: {fileID: 400000, guid: b4e018f38622c524087aef13750d10d5, type: 3}
      propertyPath: m_LocalScale.z
      value: 0.007837589
      objectReference: {fileID: 0}
    m_RemovedComponents: []
  m_ParentPrefab: {fileID: 100100000, guid: b4e018f38622c524087aef13750d10d5, type: 3}
  m_IsPrefabParent: 0
--- !u!1 &326521668
GameObject:
  m_ObjectHideFlags: 0
  m_PrefabParentObject: {fileID: 0}
  m_PrefabInternal: {fileID: 0}
  serializedVersion: 4
  m_Component:
  - 4: {fileID: 326521673}
  - 20: {fileID: 326521672}
  - 92: {fileID: 326521671}
  - 124: {fileID: 326521670}
  - 81: {fileID: 326521669}
  - 114: {fileID: 326521674}
  m_Layer: 0
  m_Name: Main Camera
  m_TagString: MainCamera
  m_Icon: {fileID: 0}
  m_NavMeshLayer: 0
  m_StaticEditorFlags: 0
  m_IsActive: 1
--- !u!81 &326521669
AudioListener:
  m_ObjectHideFlags: 0
  m_PrefabParentObject: {fileID: 0}
  m_PrefabInternal: {fileID: 0}
  m_GameObject: {fileID: 326521668}
  m_Enabled: 1
--- !u!124 &326521670
Behaviour:
  m_ObjectHideFlags: 0
  m_PrefabParentObject: {fileID: 0}
  m_PrefabInternal: {fileID: 0}
  m_GameObject: {fileID: 326521668}
  m_Enabled: 1
--- !u!92 &326521671
Behaviour:
  m_ObjectHideFlags: 0
  m_PrefabParentObject: {fileID: 0}
  m_PrefabInternal: {fileID: 0}
  m_GameObject: {fileID: 326521668}
  m_Enabled: 1
--- !u!20 &326521672
Camera:
  m_ObjectHideFlags: 0
  m_PrefabParentObject: {fileID: 0}
  m_PrefabInternal: {fileID: 0}
  m_GameObject: {fileID: 326521668}
  m_Enabled: 1
  serializedVersion: 2
  m_ClearFlags: 2
  m_BackGroundColor: {r: 0, g: 0.6156863, b: 0.66176474, a: 0}
  m_NormalizedViewPortRect:
    serializedVersion: 2
    x: 0
    y: 0
    width: 1
    height: 1
  near clip plane: 0.3
  far clip plane: 1000
  field of view: 23.4
  orthographic: 0
  orthographic size: 5
  m_Depth: -1
  m_CullingMask:
    serializedVersion: 2
    m_Bits: 4294967295
  m_RenderingPath: -1
  m_TargetTexture: {fileID: 0}
  m_TargetDisplay: 0
  m_TargetEye: 3
  m_HDR: 0
  m_OcclusionCulling: 1
  m_StereoConvergence: 10
  m_StereoSeparation: 0.022
  m_StereoMirrorMode: 0
--- !u!4 &326521673
Transform:
  m_ObjectHideFlags: 0
  m_PrefabParentObject: {fileID: 0}
  m_PrefabInternal: {fileID: 0}
  m_GameObject: {fileID: 326521668}
  m_LocalRotation: {x: 0.020529632, y: 0.9248642, z: -0.3772456, w: 0.04348127}
  m_LocalPosition: {x: -0.054, y: 0.28, z: 0.246}
  m_LocalScale: {x: 1, y: 1, z: 1}
  m_LocalEulerAnglesHint: {x: 44.390003, y: 174.93301, z: 0.402}
  m_Children: []
  m_Father: {fileID: 0}
  m_RootOrder: 0
--- !u!114 &326521674
MonoBehaviour:
  m_ObjectHideFlags: 0
  m_PrefabParentObject: {fileID: 0}
  m_PrefabInternal: {fileID: 0}
  m_GameObject: {fileID: 326521668}
  m_Enabled: 1
  m_EditorHideFlags: 0
  m_Script: {fileID: 11500000, guid: 646b5bc27a658f447b1d929fd5ffbd70, type: 3}
  m_Name: 
  m_EditorClassIdentifier: 
  mode: 1
  showGeneratedNormals: 0
  offsetScale: 0.2
  blurRadius: 18
  edgeThresholdMin: 0.05
  edgeThreshold: 0.2
  edgeSharpness: 4
  dlaaSharp: 0
  ssaaShader: {fileID: 4800000, guid: b3728d1488b02490cbd196c7941bf1f8, type: 3}
  dlaaShader: {fileID: 4800000, guid: 017ca72b9e8a749058d13ebd527e98fa, type: 3}
  nfaaShader: {fileID: 4800000, guid: ce0cb2621f6d84e21a87414e471a3cce, type: 3}
  shaderFXAAPreset2: {fileID: 4800000, guid: 6f1418cffd12146f2a83be795f6fa5a7, type: 3}
  shaderFXAAPreset3: {fileID: 4800000, guid: c182fa94a5a0a4c02870641efcd38cd5, type: 3}
  shaderFXAAII: {fileID: 4800000, guid: cd5b323dcc592457790ff18b528f5e67, type: 3}
  shaderFXAAIII: {fileID: 4800000, guid: c547503fff0e8482ea5793727057041c, type: 3}
--- !u!1 &908434405
GameObject:
  m_ObjectHideFlags: 0
  m_PrefabParentObject: {fileID: 0}
  m_PrefabInternal: {fileID: 0}
  serializedVersion: 4
  m_Component:
  - 4: {fileID: 908434407}
  - 108: {fileID: 908434406}
  m_Layer: 0
  m_Name: Directional Light
  m_TagString: Untagged
  m_Icon: {fileID: 0}
  m_NavMeshLayer: 0
  m_StaticEditorFlags: 0
  m_IsActive: 1
--- !u!108 &908434406
Light:
  m_ObjectHideFlags: 0
  m_PrefabParentObject: {fileID: 0}
  m_PrefabInternal: {fileID: 0}
  m_GameObject: {fileID: 908434405}
  m_Enabled: 1
  serializedVersion: 7
  m_Type: 1
  m_Color: {r: 0.77205884, g: 0.77205884, b: 0.77205884, a: 1}
  m_Intensity: 0.93
  m_Range: 10
  m_SpotAngle: 30
  m_CookieSize: 10
  m_Shadows:
    m_Type: 0
    m_Resolution: 3
    m_CustomResolution: -1
    m_Strength: 0.874
    m_Bias: 0.05
    m_NormalBias: 0.4
    m_NearPlane: 0.2
  m_Cookie: {fileID: 0}
  m_DrawHalo: 0
  m_Flare: {fileID: 0}
  m_RenderMode: 0
  m_CullingMask:
    serializedVersion: 2
    m_Bits: 4294967295
  m_Lightmapping: 4
  m_AreaSize: {x: 1, y: 1}
  m_BounceIntensity: 1
  m_ShadowRadius: 0
  m_ShadowAngle: 0
--- !u!4 &908434407
Transform:
  m_ObjectHideFlags: 0
  m_PrefabParentObject: {fileID: 0}
  m_PrefabInternal: {fileID: 0}
  m_GameObject: {fileID: 908434405}
  m_LocalRotation: {x: -0.034552127, y: 0.5544818, z: -0.77076846, w: -0.31188482}
  m_LocalPosition: {x: -24.613, y: -5.313, z: 11.49}
  m_LocalScale: {x: 1, y: 1, z: 1}
  m_LocalEulerAnglesHint: {x: 118.8, y: 142.6, z: -66.7}
  m_Children: []
  m_Father: {fileID: 0}
  m_RootOrder: 1
--- !u!1001 &1419655133
Prefab:
  m_ObjectHideFlags: 0
  serializedVersion: 2
  m_Modification:
    m_TransformParent: {fileID: 0}
    m_Modifications:
    - target: {fileID: 400000, guid: d81221efac0bdff43bef691910f0b15c, type: 3}
      propertyPath: m_LocalPosition.x
      value: -0.2707
      objectReference: {fileID: 0}
    - target: {fileID: 400000, guid: d81221efac0bdff43bef691910f0b15c, type: 3}
      propertyPath: m_LocalPosition.y
      value: 0
      objectReference: {fileID: 0}
    - target: {fileID: 400000, guid: d81221efac0bdff43bef691910f0b15c, type: 3}
      propertyPath: m_LocalPosition.z
      value: -0.0806
      objectReference: {fileID: 0}
    - target: {fileID: 400000, guid: d81221efac0bdff43bef691910f0b15c, type: 3}
      propertyPath: m_LocalRotation.x
      value: -0
      objectReference: {fileID: 0}
    - target: {fileID: 400000, guid: d81221efac0bdff43bef691910f0b15c, type: 3}
      propertyPath: m_LocalRotation.y
      value: 0.989975
      objectReference: {fileID: 0}
    - target: {fileID: 400000, guid: d81221efac0bdff43bef691910f0b15c, type: 3}
      propertyPath: m_LocalRotation.z
      value: -0
      objectReference: {fileID: 0}
    - target: {fileID: 400000, guid: d81221efac0bdff43bef691910f0b15c, type: 3}
      propertyPath: m_LocalRotation.w
      value: 0.14124297
      objectReference: {fileID: 0}
    - target: {fileID: 400000, guid: d81221efac0bdff43bef691910f0b15c, type: 3}
      propertyPath: m_RootOrder
      value: 3
      objectReference: {fileID: 0}
    - target: {fileID: 2300000, guid: d81221efac0bdff43bef691910f0b15c, type: 3}
      propertyPath: m_Materials.Array.data[0]
      value: 
      objectReference: {fileID: 2100000, guid: 713dc005becd1c148b21286edf5f283b, type: 2}
    - target: {fileID: 2300006, guid: d81221efac0bdff43bef691910f0b15c, type: 3}
      propertyPath: m_Materials.Array.data[0]
      value: 
      objectReference: {fileID: 2100000, guid: d61411f2c3babc44494f3b724de7240e, type: 2}
    - target: {fileID: 2300002, guid: d81221efac0bdff43bef691910f0b15c, type: 3}
      propertyPath: m_Materials.Array.data[0]
      value: 
      objectReference: {fileID: 2100000, guid: aadead7b1531ffd409f2061d5d9fc4c8, type: 2}
    - target: {fileID: 2300004, guid: d81221efac0bdff43bef691910f0b15c, type: 3}
      propertyPath: m_Materials.Array.data[0]
      value: 
      objectReference: {fileID: 2100000, guid: 8fad44c4d303b864aa7b8f8ee576befa, type: 2}
    - target: {fileID: 400000, guid: d81221efac0bdff43bef691910f0b15c, type: 3}
      propertyPath: m_LocalEulerAnglesHint.y
      value: 164.07101
      objectReference: {fileID: 0}
    - target: {fileID: 2300004, guid: d81221efac0bdff43bef691910f0b15c, type: 3}
      propertyPath: m_Enabled
      value: 1
      objectReference: {fileID: 0}
    - target: {fileID: 100002, guid: d81221efac0bdff43bef691910f0b15c, type: 3}
      propertyPath: m_IsActive
      value: 1
      objectReference: {fileID: 0}
    - target: {fileID: 100000, guid: d81221efac0bdff43bef691910f0b15c, type: 3}
      propertyPath: m_Name
      value: simplesceneAO (1)
      objectReference: {fileID: 0}
    - target: {fileID: 400006, guid: d81221efac0bdff43bef691910f0b15c, type: 3}
      propertyPath: m_LocalPosition.x
      value: 0.0024
      objectReference: {fileID: 0}
    - target: {fileID: 400006, guid: d81221efac0bdff43bef691910f0b15c, type: 3}
      propertyPath: m_LocalPosition.z
      value: -0
      objectReference: {fileID: 0}
    m_RemovedComponents: []
  m_ParentPrefab: {fileID: 100100000, guid: d81221efac0bdff43bef691910f0b15c, type: 3}
  m_IsPrefabParent: 0
--- !u!1001 &1886874054
Prefab:
  m_ObjectHideFlags: 0
  serializedVersion: 2
  m_Modification:
    m_TransformParent: {fileID: 0}
    m_Modifications:
    - target: {fileID: 400000, guid: d81221efac0bdff43bef691910f0b15c, type: 3}
      propertyPath: m_LocalPosition.x
      value: 9.876981e-10
      objectReference: {fileID: 0}
    - target: {fileID: 400000, guid: d81221efac0bdff43bef691910f0b15c, type: 3}
      propertyPath: m_LocalPosition.y
      value: 0
      objectReference: {fileID: 0}
    - target: {fileID: 400000, guid: d81221efac0bdff43bef691910f0b15c, type: 3}
      propertyPath: m_LocalPosition.z
      value: -0.0018000007
      objectReference: {fileID: 0}
    - target: {fileID: 400000, guid: d81221efac0bdff43bef691910f0b15c, type: 3}
      propertyPath: m_LocalRotation.x
      value: -0
      objectReference: {fileID: 0}
    - target: {fileID: 400000, guid: d81221efac0bdff43bef691910f0b15c, type: 3}
      propertyPath: m_LocalRotation.y
      value: 0.989975
      objectReference: {fileID: 0}
    - target: {fileID: 400000, guid: d81221efac0bdff43bef691910f0b15c, type: 3}
      propertyPath: m_LocalRotation.z
      value: -0
      objectReference: {fileID: 0}
    - target: {fileID: 400000, guid: d81221efac0bdff43bef691910f0b15c, type: 3}
      propertyPath: m_LocalRotation.w
      value: 0.14124297
      objectReference: {fileID: 0}
    - target: {fileID: 400000, guid: d81221efac0bdff43bef691910f0b15c, type: 3}
      propertyPath: m_RootOrder
      value: 2
      objectReference: {fileID: 0}
    - target: {fileID: 2300000, guid: d81221efac0bdff43bef691910f0b15c, type: 3}
      propertyPath: m_Materials.Array.data[0]
      value: 
      objectReference: {fileID: 2100000, guid: 713dc005becd1c148b21286edf5f283b, type: 2}
    - target: {fileID: 2300006, guid: d81221efac0bdff43bef691910f0b15c, type: 3}
      propertyPath: m_Materials.Array.data[0]
      value: 
      objectReference: {fileID: 2100000, guid: d61411f2c3babc44494f3b724de7240e, type: 2}
    - target: {fileID: 2300002, guid: d81221efac0bdff43bef691910f0b15c, type: 3}
      propertyPath: m_Materials.Array.data[0]
      value: 
      objectReference: {fileID: 2100000, guid: b7b8c9b6626c75b4682f60ddf332513f, type: 2}
    - target: {fileID: 2300004, guid: d81221efac0bdff43bef691910f0b15c, type: 3}
      propertyPath: m_Materials.Array.data[0]
      value: 
      objectReference: {fileID: 2100000, guid: 681955dd40fbeec46bddeee66c2cdcd7, type: 2}
    - target: {fileID: 400000, guid: d81221efac0bdff43bef691910f0b15c, type: 3}
      propertyPath: m_LocalEulerAnglesHint.y
      value: 164.07101
      objectReference: {fileID: 0}
    - target: {fileID: 2300004, guid: d81221efac0bdff43bef691910f0b15c, type: 3}
      propertyPath: m_Enabled
      value: 1
      objectReference: {fileID: 0}
    - target: {fileID: 100002, guid: d81221efac0bdff43bef691910f0b15c, type: 3}
      propertyPath: m_IsActive
      value: 1
      objectReference: {fileID: 0}
    m_RemovedComponents: []
  m_ParentPrefab: {fileID: 100100000, guid: d81221efac0bdff43bef691910f0b15c, type: 3}
  m_IsPrefabParent: 0
