%YAML 1.1
%TAG !u! tag:unity3d.com,2011:
--- !u!1001 &100100000
Prefab:
  m_ObjectHideFlags: 1
  serializedVersion: 2
  m_Modification:
    m_TransformParent: {fileID: 0}
    m_Modifications: []
    m_RemovedComponents: []
  m_ParentPrefab: {fileID: 0}
  m_RootGameObject: {fileID: 1000012758590532}
  m_IsPrefabParent: 1
--- !u!1 &1000010122282268
GameObject:
  m_ObjectHideFlags: 1
  m_PrefabParentObject: {fileID: 0}
  m_PrefabInternal: {fileID: 100100000}
  serializedVersion: 4
  m_Component:
  - 4: {fileID: 4000013777268506}
  m_Layer: 0
  m_Name: MiddleFinger1_R
  m_TagString: Untagged
  m_Icon: {fileID: 0}
  m_NavMeshLayer: 0
  m_StaticEditorFlags: 0
  m_IsActive: 1
--- !u!1 &1000010246781342
GameObject:
  m_ObjectHideFlags: 1
  m_PrefabParentObject: {fileID: 0}
  m_PrefabInternal: {fileID: 100100000}
  serializedVersion: 4
  m_Component:
  - 4: {fileID: 4000010682248506}
  m_Layer: 0
  m_Name: MiddleFinger4_R
  m_TagString: Untagged
  m_Icon: {fileID: 0}
  m_NavMeshLayer: 0
  m_StaticEditorFlags: 0
  m_IsActive: 1
--- !u!1 &1000010272256224
GameObject:
  m_ObjectHideFlags: 1
  m_PrefabParentObject: {fileID: 0}
  m_PrefabInternal: {fileID: 100100000}
  serializedVersion: 4
  m_Component:
  - 4: {fileID: 4000011431484424}
  m_Layer: 0
  m_Name: Shoulder_L
  m_TagString: Untagged
  m_Icon: {fileID: 0}
  m_NavMeshLayer: 0
  m_StaticEditorFlags: 0
  m_IsActive: 1
--- !u!1 &1000010312093288
GameObject:
  m_ObjectHideFlags: 1
  m_PrefabParentObject: {fileID: 0}
  m_PrefabInternal: {fileID: 100100000}
  serializedVersion: 4
  m_Component:
  - 4: {fileID: 4000011378773964}
  m_Layer: 0
  m_Name: MiddleFinger2_R
  m_TagString: Untagged
  m_Icon: {fileID: 0}
  m_NavMeshLayer: 0
  m_StaticEditorFlags: 0
  m_IsActive: 1
--- !u!1 &1000010581160284
GameObject:
  m_ObjectHideFlags: 1
  m_PrefabParentObject: {fileID: 0}
  m_PrefabInternal: {fileID: 100100000}
  serializedVersion: 4
  m_Component:
  - 4: {fileID: 4000013105151618}
  m_Layer: 0
  m_Name: MiddleFinger4_L
  m_TagString: Untagged
  m_Icon: {fileID: 0}
  m_NavMeshLayer: 0
  m_StaticEditorFlags: 0
  m_IsActive: 1
--- !u!1 &1000010707961836
GameObject:
  m_ObjectHideFlags: 1
  m_PrefabParentObject: {fileID: 0}
  m_PrefabInternal: {fileID: 100100000}
  serializedVersion: 4
  m_Component:
  - 4: {fileID: 4000010523214742}
  m_Layer: 0
  m_Name: Head_M
  m_TagString: Untagged
  m_Icon: {fileID: 0}
  m_NavMeshLayer: 0
  m_StaticEditorFlags: 0
  m_IsActive: 1
--- !u!1 &1000010774953020
GameObject:
  m_ObjectHideFlags: 1
  m_PrefabParentObject: {fileID: 0}
  m_PrefabInternal: {fileID: 100100000}
  serializedVersion: 4
  m_Component:
  - 4: {fileID: 4000010995363552}
  m_Layer: 0
  m_Name: Neck_M
  m_TagString: Untagged
  m_Icon: {fileID: 0}
  m_NavMeshLayer: 0
  m_StaticEditorFlags: 0
  m_IsActive: 1
--- !u!1 &1000010778330976
GameObject:
  m_ObjectHideFlags: 1
  m_PrefabParentObject: {fileID: 0}
  m_PrefabInternal: {fileID: 100100000}
  serializedVersion: 4
  m_Component:
  - 4: {fileID: 4000012442878928}
  m_Layer: 0
  m_Name: Ankle_L
  m_TagString: Untagged
  m_Icon: {fileID: 0}
  m_NavMeshLayer: 0
  m_StaticEditorFlags: 0
  m_IsActive: 1
--- !u!1 &1000010843825900
GameObject:
  m_ObjectHideFlags: 1
  m_PrefabParentObject: {fileID: 0}
  m_PrefabInternal: {fileID: 100100000}
  serializedVersion: 4
  m_Component:
  - 4: {fileID: 4000011897344136}
  m_Layer: 0
  m_Name: Scapula_L
  m_TagString: Untagged
  m_Icon: {fileID: 0}
  m_NavMeshLayer: 0
  m_StaticEditorFlags: 0
  m_IsActive: 1
--- !u!1 &1000010881427292
GameObject:
  m_ObjectHideFlags: 1
  m_PrefabParentObject: {fileID: 0}
  m_PrefabInternal: {fileID: 100100000}
  serializedVersion: 4
  m_Component:
  - 4: {fileID: 4000010089028066}
  m_Layer: 0
  m_Name: Wrist_R
  m_TagString: Untagged
  m_Icon: {fileID: 0}
  m_NavMeshLayer: 0
  m_StaticEditorFlags: 0
  m_IsActive: 1
--- !u!1 &1000011033182904
GameObject:
  m_ObjectHideFlags: 1
  m_PrefabParentObject: {fileID: 0}
  m_PrefabInternal: {fileID: 100100000}
  serializedVersion: 4
  m_Component:
  - 4: {fileID: 4000011954610762}
  m_Layer: 0
  m_Name: Toes_L
  m_TagString: Untagged
  m_Icon: {fileID: 0}
  m_NavMeshLayer: 0
  m_StaticEditorFlags: 0
  m_IsActive: 1
--- !u!1 &1000011476876526
GameObject:
  m_ObjectHideFlags: 1
  m_PrefabParentObject: {fileID: 0}
  m_PrefabInternal: {fileID: 100100000}
  serializedVersion: 4
  m_Component:
  - 4: {fileID: 4000010590429562}
  m_Layer: 0
  m_Name: HeadEnd_M
  m_TagString: Untagged
  m_Icon: {fileID: 0}
  m_NavMeshLayer: 0
  m_StaticEditorFlags: 0
  m_IsActive: 1
--- !u!1 &1000011839510944
GameObject:
  m_ObjectHideFlags: 1
  m_PrefabParentObject: {fileID: 0}
  m_PrefabInternal: {fileID: 100100000}
  serializedVersion: 4
  m_Component:
  - 4: {fileID: 4000012856772678}
  m_Layer: 0
  m_Name: Shoulder_R
  m_TagString: Untagged
  m_Icon: {fileID: 0}
  m_NavMeshLayer: 0
  m_StaticEditorFlags: 0
  m_IsActive: 1
--- !u!1 &1000011915182270
GameObject:
  m_ObjectHideFlags: 1
  m_PrefabParentObject: {fileID: 0}
  m_PrefabInternal: {fileID: 100100000}
  serializedVersion: 4
  m_Component:
  - 4: {fileID: 4000013667353260}
  m_Layer: 0
  m_Name: Toes_R
  m_TagString: Untagged
  m_Icon: {fileID: 0}
  m_NavMeshLayer: 0
  m_StaticEditorFlags: 0
  m_IsActive: 1
--- !u!1 &1000012059920956
GameObject:
  m_ObjectHideFlags: 1
  m_PrefabParentObject: {fileID: 0}
  m_PrefabInternal: {fileID: 100100000}
  serializedVersion: 4
  m_Component:
  - 4: {fileID: 4000012075431444}
  m_Layer: 0
  m_Name: MiddleFinger2_L
  m_TagString: Untagged
  m_Icon: {fileID: 0}
  m_NavMeshLayer: 0
  m_StaticEditorFlags: 0
  m_IsActive: 1
--- !u!1 &1000012071019176
GameObject:
  m_ObjectHideFlags: 1
  m_PrefabParentObject: {fileID: 0}
  m_PrefabInternal: {fileID: 100100000}
  serializedVersion: 4
  m_Component:
  - 4: {fileID: 4000010456611702}
  m_Layer: 0
  m_Name: ShoulderPart1_R
  m_TagString: Untagged
  m_Icon: {fileID: 0}
  m_NavMeshLayer: 0
  m_StaticEditorFlags: 0
  m_IsActive: 1
--- !u!1 &1000012285583354
GameObject:
  m_ObjectHideFlags: 1
  m_PrefabParentObject: {fileID: 0}
  m_PrefabInternal: {fileID: 100100000}
  serializedVersion: 4
  m_Component:
  - 4: {fileID: 4000014293398980}
  m_Layer: 0
  m_Name: ShoulderPart2_R
  m_TagString: Untagged
  m_Icon: {fileID: 0}
  m_NavMeshLayer: 0
  m_StaticEditorFlags: 0
  m_IsActive: 1
--- !u!1 &1000012494856988
GameObject:
  m_ObjectHideFlags: 1
  m_PrefabParentObject: {fileID: 0}
  m_PrefabInternal: {fileID: 100100000}
  serializedVersion: 4
  m_Component:
  - 4: {fileID: 4000013519653048}
  m_Layer: 0
  m_Name: Chest_M
  m_TagString: Untagged
  m_Icon: {fileID: 0}
  m_NavMeshLayer: 0
  m_StaticEditorFlags: 0
  m_IsActive: 1
--- !u!1 &1000012529989366
GameObject:
  m_ObjectHideFlags: 1
  m_PrefabParentObject: {fileID: 0}
  m_PrefabInternal: {fileID: 100100000}
  serializedVersion: 4
  m_Component:
  - 4: {fileID: 4000011759426824}
  m_Layer: 0
  m_Name: MiddleFinger3_L
  m_TagString: Untagged
  m_Icon: {fileID: 0}
  m_NavMeshLayer: 0
  m_StaticEditorFlags: 0
  m_IsActive: 1
--- !u!1 &1000012623621636
GameObject:
  m_ObjectHideFlags: 1
  m_PrefabParentObject: {fileID: 0}
  m_PrefabInternal: {fileID: 100100000}
  serializedVersion: 4
  m_Component:
  - 4: {fileID: 4000013130781578}
  m_Layer: 0
  m_Name: Root_M
  m_TagString: Untagged
  m_Icon: {fileID: 0}
  m_NavMeshLayer: 0
  m_StaticEditorFlags: 0
  m_IsActive: 1
--- !u!1 &1000012758590532
GameObject:
  m_ObjectHideFlags: 0
  m_PrefabParentObject: {fileID: 0}
  m_PrefabInternal: {fileID: 100100000}
  serializedVersion: 4
  m_Component:
  - 4: {fileID: 4000012402591848}
  - 95: {fileID: 95000010924953148}
  m_Layer: 0
  m_Name: Candy_People_Cylinder
  m_TagString: Untagged
  m_Icon: {fileID: 0}
  m_NavMeshLayer: 0
  m_StaticEditorFlags: 0
  m_IsActive: 1
--- !u!1 &1000012777713894
GameObject:
  m_ObjectHideFlags: 1
  m_PrefabParentObject: {fileID: 0}
  m_PrefabInternal: {fileID: 100100000}
  serializedVersion: 4
  m_Component:
  - 4: {fileID: 4000011589095098}
  m_Layer: 0
  m_Name: ShoulderPart1_L
  m_TagString: Untagged
  m_Icon: {fileID: 0}
  m_NavMeshLayer: 0
  m_StaticEditorFlags: 0
  m_IsActive: 1
--- !u!1 &1000012930076408
GameObject:
  m_ObjectHideFlags: 1
  m_PrefabParentObject: {fileID: 0}
  m_PrefabInternal: {fileID: 100100000}
  serializedVersion: 4
  m_Component:
  - 4: {fileID: 4000011159343266}
  m_Layer: 0
  m_Name: ShoulderPart2_L
  m_TagString: Untagged
  m_Icon: {fileID: 0}
  m_NavMeshLayer: 0
  m_StaticEditorFlags: 0
  m_IsActive: 1
--- !u!1 &1000013143271856
GameObject:
  m_ObjectHideFlags: 1
  m_PrefabParentObject: {fileID: 0}
  m_PrefabInternal: {fileID: 100100000}
  serializedVersion: 4
  m_Component:
  - 4: {fileID: 4000013538871540}
  m_Layer: 0
  m_Name: Spine1_M
  m_TagString: Untagged
  m_Icon: {fileID: 0}
  m_NavMeshLayer: 0
  m_StaticEditorFlags: 0
  m_IsActive: 1
--- !u!1 &1000013239185214
GameObject:
  m_ObjectHideFlags: 1
  m_PrefabParentObject: {fileID: 0}
  m_PrefabInternal: {fileID: 100100000}
  serializedVersion: 4
  m_Component:
  - 4: {fileID: 4000013174557012}
  m_Layer: 0
  m_Name: Knee_L
  m_TagString: Untagged
  m_Icon: {fileID: 0}
  m_NavMeshLayer: 0
  m_StaticEditorFlags: 0
  m_IsActive: 1
--- !u!1 &1000013250024942
GameObject:
  m_ObjectHideFlags: 0
  m_PrefabParentObject: {fileID: 0}
  m_PrefabInternal: {fileID: 100100000}
  serializedVersion: 4
  m_Component:
  - 4: {fileID: 4000011679318156}
  - 137: {fileID: 137000013213168464}
  m_Layer: 0
  m_Name: Candy_People_Cylinder
  m_TagString: Untagged
  m_Icon: {fileID: 0}
  m_NavMeshLayer: 0
  m_StaticEditorFlags: 0
  m_IsActive: 1
--- !u!1 &1000013277600548
GameObject:
  m_ObjectHideFlags: 1
  m_PrefabParentObject: {fileID: 0}
  m_PrefabInternal: {fileID: 100100000}
  serializedVersion: 4
  m_Component:
  - 4: {fileID: 4000012668879272}
  m_Layer: 0
  m_Name: MiddleFinger1_L
  m_TagString: Untagged
  m_Icon: {fileID: 0}
  m_NavMeshLayer: 0
  m_StaticEditorFlags: 0
  m_IsActive: 1
--- !u!1 &1000013304422636
GameObject:
  m_ObjectHideFlags: 1
  m_PrefabParentObject: {fileID: 0}
  m_PrefabInternal: {fileID: 100100000}
  serializedVersion: 4
  m_Component:
  - 4: {fileID: 4000012551910354}
  m_Layer: 0
  m_Name: Knee_R
  m_TagString: Untagged
  m_Icon: {fileID: 0}
  m_NavMeshLayer: 0
  m_StaticEditorFlags: 0
  m_IsActive: 1
--- !u!1 &1000013304657042
GameObject:
  m_ObjectHideFlags: 1
  m_PrefabParentObject: {fileID: 0}
  m_PrefabInternal: {fileID: 100100000}
  serializedVersion: 4
  m_Component:
  - 4: {fileID: 4000013607167998}
  m_Layer: 0
  m_Name: Hip_R
  m_TagString: Untagged
  m_Icon: {fileID: 0}
  m_NavMeshLayer: 0
  m_StaticEditorFlags: 0
  m_IsActive: 1
--- !u!1 &1000013458321040
GameObject:
  m_ObjectHideFlags: 1
  m_PrefabParentObject: {fileID: 0}
  m_PrefabInternal: {fileID: 100100000}
  serializedVersion: 4
  m_Component:
  - 4: {fileID: 4000011077521300}
  m_Layer: 0
  m_Name: Elbow_L
  m_TagString: Untagged
  m_Icon: {fileID: 0}
  m_NavMeshLayer: 0
  m_StaticEditorFlags: 0
  m_IsActive: 1
--- !u!1 &1000013635542978
GameObject:
  m_ObjectHideFlags: 1
  m_PrefabParentObject: {fileID: 0}
  m_PrefabInternal: {fileID: 100100000}
  serializedVersion: 4
  m_Component:
  - 4: {fileID: 4000013374636326}
  m_Layer: 0
  m_Name: Ankle_R
  m_TagString: Untagged
  m_Icon: {fileID: 0}
  m_NavMeshLayer: 0
  m_StaticEditorFlags: 0
  m_IsActive: 1
--- !u!1 &1000013747380280
GameObject:
  m_ObjectHideFlags: 1
  m_PrefabParentObject: {fileID: 0}
  m_PrefabInternal: {fileID: 100100000}
  serializedVersion: 4
  m_Component:
  - 4: {fileID: 4000011614855288}
  m_Layer: 0
  m_Name: Hip_L
  m_TagString: Untagged
  m_Icon: {fileID: 0}
  m_NavMeshLayer: 0
  m_StaticEditorFlags: 0
  m_IsActive: 1
--- !u!1 &1000013758095352
GameObject:
  m_ObjectHideFlags: 1
  m_PrefabParentObject: {fileID: 0}
  m_PrefabInternal: {fileID: 100100000}
  serializedVersion: 4
  m_Component:
  - 4: {fileID: 4000013034803748}
  m_Layer: 0
  m_Name: Scapula_R
  m_TagString: Untagged
  m_Icon: {fileID: 0}
  m_NavMeshLayer: 0
  m_StaticEditorFlags: 0
  m_IsActive: 1
--- !u!1 &1000013838744388
GameObject:
  m_ObjectHideFlags: 1
  m_PrefabParentObject: {fileID: 0}
  m_PrefabInternal: {fileID: 100100000}
  serializedVersion: 4
  m_Component:
  - 4: {fileID: 4000012469431450}
  m_Layer: 0
  m_Name: Wrist_L
  m_TagString: Untagged
  m_Icon: {fileID: 0}
  m_NavMeshLayer: 0
  m_StaticEditorFlags: 0
  m_IsActive: 1
--- !u!1 &1000013870615326
GameObject:
  m_ObjectHideFlags: 1
  m_PrefabParentObject: {fileID: 0}
  m_PrefabInternal: {fileID: 100100000}
  serializedVersion: 4
  m_Component:
  - 4: {fileID: 4000010801470232}
  m_Layer: 0
  m_Name: MiddleFinger3_R
  m_TagString: Untagged
  m_Icon: {fileID: 0}
  m_NavMeshLayer: 0
  m_StaticEditorFlags: 0
  m_IsActive: 1
--- !u!1 &1000014250444618
GameObject:
  m_ObjectHideFlags: 0
  m_PrefabParentObject: {fileID: 0}
  m_PrefabInternal: {fileID: 100100000}
  serializedVersion: 4
  m_Component:
  - 4: {fileID: 4000011250122538}
  m_Layer: 0
  m_Name: DeformationSystem
  m_TagString: Untagged
  m_Icon: {fileID: 0}
  m_NavMeshLayer: 0
  m_StaticEditorFlags: 0
  m_IsActive: 1
--- !u!1 &1000014284981960
GameObject:
  m_ObjectHideFlags: 1
  m_PrefabParentObject: {fileID: 0}
  m_PrefabInternal: {fileID: 100100000}
  serializedVersion: 4
  m_Component:
  - 4: {fileID: 4000010695266736}
  m_Layer: 0
  m_Name: Elbow_R
  m_TagString: Untagged
  m_Icon: {fileID: 0}
  m_NavMeshLayer: 0
  m_StaticEditorFlags: 0
  m_IsActive: 1
--- !u!4 &4000010089028066
Transform:
  m_ObjectHideFlags: 1
  m_PrefabParentObject: {fileID: 0}
  m_PrefabInternal: {fileID: 100100000}
  m_GameObject: {fileID: 1000010881427292}
  m_LocalRotation: {x: 0, y: 0, z: 0.020595752, w: 0.99978787}
  m_LocalPosition: {x: -0.044958197, y: 6.827872e-17, z: -1.0738077e-14}
  m_LocalScale: {x: 1, y: 1, z: 1}
  m_LocalEulerAnglesHint: {x: 0, y: 0, z: 0}
  m_Children:
  - {fileID: 4000013777268506}
  m_Father: {fileID: 4000010695266736}
  m_RootOrder: 0
--- !u!4 &4000010456611702
Transform:
  m_ObjectHideFlags: 1
  m_PrefabParentObject: {fileID: 0}
  m_PrefabInternal: {fileID: 100100000}
  m_GameObject: {fileID: 1000012071019176}
  m_LocalRotation: {x: 0, y: -0, z: -0, w: 1}
  m_LocalPosition: {x: -0.014682066, y: -3.9968027e-17, z: -2.6645352e-17}
  m_LocalScale: {x: 1, y: 1, z: 1}
  m_LocalEulerAnglesHint: {x: 0, y: 0, z: 0}
  m_Children:
  - {fileID: 4000014293398980}
  m_Father: {fileID: 4000012856772678}
  m_RootOrder: 0
--- !u!4 &4000010523214742
Transform:
  m_ObjectHideFlags: 1
  m_PrefabParentObject: {fileID: 0}
  m_PrefabInternal: {fileID: 100100000}
  m_GameObject: {fileID: 1000010707961836}
  m_LocalRotation: {x: 0, y: 0, z: 0.018179454, w: 0.9998348}
  m_LocalPosition: {x: -0.018624932, y: -7.494005e-18, z: -2.1759499e-17}
  m_LocalScale: {x: 1, y: 1, z: 1}
  m_LocalEulerAnglesHint: {x: 0, y: 0, z: 0}
  m_Children:
  - {fileID: 4000010590429562}
  m_Father: {fileID: 4000010995363552}
  m_RootOrder: 0
--- !u!4 &4000010590429562
Transform:
  m_ObjectHideFlags: 1
  m_PrefabParentObject: {fileID: 0}
  m_PrefabInternal: {fileID: 100100000}
  m_GameObject: {fileID: 1000011476876526}
  m_LocalRotation: {x: 0, y: -0, z: -0, w: 1}
  m_LocalPosition: {x: -0.025978634, y: -2.1441182e-17, z: 3.4968146e-18}
  m_LocalScale: {x: 1, y: 1, z: 1}
  m_LocalEulerAnglesHint: {x: 0, y: 0, z: 0}
  m_Children: []
  m_Father: {fileID: 4000010523214742}
  m_RootOrder: 0
--- !u!4 &4000010682248506
Transform:
  m_ObjectHideFlags: 1
  m_PrefabParentObject: {fileID: 0}
  m_PrefabInternal: {fileID: 100100000}
  m_GameObject: {fileID: 1000010246781342}
  m_LocalRotation: {x: 0, y: -0, z: -0, w: 1}
  m_LocalPosition: {x: -0.0042350157, y: -1.498801e-17, z: -1.7319479e-16}
  m_LocalScale: {x: 1, y: 1, z: 1}
  m_LocalEulerAnglesHint: {x: 0, y: 0, z: 0}
  m_Children: []
  m_Father: {fileID: 4000010801470232}
  m_RootOrder: 0
--- !u!4 &4000010695266736
Transform:
  m_ObjectHideFlags: 1
  m_PrefabParentObject: {fileID: 0}
  m_PrefabInternal: {fileID: 100100000}
  m_GameObject: {fileID: 1000014284981960}
  m_LocalRotation: {x: -0.00006987291, y: -0.000002564959, z: -0.03668422, w: 0.9993269}
  m_LocalPosition: {x: -0.014682066, y: -3.913536e-17, z: -2.6645352e-17}
  m_LocalScale: {x: 1, y: 1, z: 1}
  m_LocalEulerAnglesHint: {x: 0, y: 0, z: 0}
  m_Children:
  - {fileID: 4000010089028066}
  m_Father: {fileID: 4000014293398980}
  m_RootOrder: 0
--- !u!4 &4000010801470232
Transform:
  m_ObjectHideFlags: 1
  m_PrefabParentObject: {fileID: 0}
  m_PrefabInternal: {fileID: 100100000}
  m_GameObject: {fileID: 1000013870615326}
  m_LocalRotation: {x: 0.0033680038, y: 0.097811036, z: -0.0010548504, w: 0.9951988}
  m_LocalPosition: {x: -0.0033073951, y: 1.2906343e-16, z: 7.9936054e-17}
  m_LocalScale: {x: 1, y: 1, z: 1}
  m_LocalEulerAnglesHint: {x: 0, y: 0, z: 0}
  m_Children:
  - {fileID: 4000010682248506}
  m_Father: {fileID: 4000011378773964}
  m_RootOrder: 0
--- !u!4 &4000010995363552
Transform:
  m_ObjectHideFlags: 1
  m_PrefabParentObject: {fileID: 0}
  m_PrefabInternal: {fileID: 100100000}
  m_GameObject: {fileID: 1000010774953020}
  m_LocalRotation: {x: 0, y: 0, z: 0.0071350127, w: 0.99997455}
  m_LocalPosition: {x: -0.041482404, y: 2.4980017e-17, z: 2.7811543e-16}
  m_LocalScale: {x: 1, y: 1, z: 1}
  m_LocalEulerAnglesHint: {x: 0, y: 0, z: 0}
  m_Children:
  - {fileID: 4000010523214742}
  m_Father: {fileID: 4000013519653048}
  m_RootOrder: 0
--- !u!4 &4000011077521300
Transform:
  m_ObjectHideFlags: 1
  m_PrefabParentObject: {fileID: 0}
  m_PrefabInternal: {fileID: 100100000}
  m_GameObject: {fileID: 1000013458321040}
  m_LocalRotation: {x: -0.00006987291, y: -0.000002564959, z: -0.03668422, w: 0.9993269}
  m_LocalPosition: {x: 0.014682066, y: 2.4980017e-17, z: 6.661338e-17}
  m_LocalScale: {x: 1, y: 1, z: 1}
  m_LocalEulerAnglesHint: {x: 0, y: 0, z: 0}
  m_Children:
  - {fileID: 4000012469431450}
  m_Father: {fileID: 4000011159343266}
  m_RootOrder: 0
--- !u!4 &4000011159343266
Transform:
  m_ObjectHideFlags: 1
  m_PrefabParentObject: {fileID: 0}
  m_PrefabInternal: {fileID: 100100000}
  m_GameObject: {fileID: 1000012930076408}
  m_LocalRotation: {x: 0, y: -0, z: -0, w: 1}
  m_LocalPosition: {x: 0.014682066, y: 2.6645352e-17, z: 1.0658141e-16}
  m_LocalScale: {x: 1, y: 1, z: 1}
  m_LocalEulerAnglesHint: {x: 0, y: 0, z: 0}
  m_Children:
  - {fileID: 4000011077521300}
  m_Father: {fileID: 4000011589095098}
  m_RootOrder: 0
--- !u!4 &4000011250122538
Transform:
  m_ObjectHideFlags: 1
  m_PrefabParentObject: {fileID: 0}
  m_PrefabInternal: {fileID: 100100000}
  m_GameObject: {fileID: 1000014250444618}
  m_LocalRotation: {x: 0, y: -0, z: -0, w: 1}
  m_LocalPosition: {x: -0, y: 0, z: 0}
  m_LocalScale: {x: 1, y: 1, z: 1}
  m_LocalEulerAnglesHint: {x: 0, y: 0, z: 0}
  m_Children:
  - {fileID: 4000013130781578}
  m_Father: {fileID: 4000012402591848}
  m_RootOrder: 1
--- !u!4 &4000011378773964
Transform:
  m_ObjectHideFlags: 1
  m_PrefabParentObject: {fileID: 0}
  m_PrefabInternal: {fileID: 100100000}
  m_GameObject: {fileID: 1000010312093288}
  m_LocalRotation: {x: 0.004516596, y: 0.11095556, z: -0.007110604, w: 0.9937897}
  m_LocalPosition: {x: -0.0045906873, y: 1.1740609e-16, z: -1.5987211e-16}
  m_LocalScale: {x: 1, y: 1, z: 1}
  m_LocalEulerAnglesHint: {x: 0, y: 0, z: 0}
  m_Children:
  - {fileID: 4000010801470232}
  m_Father: {fileID: 4000013777268506}
  m_RootOrder: 0
--- !u!4 &4000011431484424
Transform:
  m_ObjectHideFlags: 1
  m_PrefabParentObject: {fileID: 0}
  m_PrefabInternal: {fileID: 100100000}
  m_GameObject: {fileID: 1000010272256224}
  m_LocalRotation: {x: -6.69828e-14, y: 0.0002823121, z: 0.021799939, w: 0.99976236}
  m_LocalPosition: {x: 0.023084946, y: -2.0763632e-15, z: -3.9968027e-17}
  m_LocalScale: {x: 1, y: 1, z: 1}
  m_LocalEulerAnglesHint: {x: 0, y: 0, z: 0}
  m_Children:
  - {fileID: 4000011589095098}
  m_Father: {fileID: 4000011897344136}
  m_RootOrder: 0
--- !u!4 &4000011589095098
Transform:
  m_ObjectHideFlags: 1
  m_PrefabParentObject: {fileID: 0}
  m_PrefabInternal: {fileID: 100100000}
  m_GameObject: {fileID: 1000012777713894}
  m_LocalRotation: {x: 0, y: -0, z: -0, w: 1}
  m_LocalPosition: {x: 0.014682066, y: 2.4980017e-17, z: 6.661338e-17}
  m_LocalScale: {x: 1, y: 1, z: 1}
  m_LocalEulerAnglesHint: {x: 0, y: 0, z: 0}
  m_Children:
  - {fileID: 4000011159343266}
  m_Father: {fileID: 4000011431484424}
  m_RootOrder: 0
--- !u!4 &4000011614855288
Transform:
  m_ObjectHideFlags: 1
  m_PrefabParentObject: {fileID: 0}
  m_PrefabInternal: {fileID: 100100000}
  m_GameObject: {fileID: 1000013747380280}
  m_LocalRotation: {x: 0.9897519, y: 0.054468106, z: -0.0058101784, w: -0.1318738}
  m_LocalPosition: {x: 0.01611164, y: -0.0016756044, z: 0.025558082}
  m_LocalScale: {x: 1, y: 1, z: 1}
  m_LocalEulerAnglesHint: {x: 0, y: 0, z: 0}
  m_Children:
  - {fileID: 4000013174557012}
  m_Father: {fileID: 4000013130781578}
  m_RootOrder: 0
--- !u!4 &4000011679318156
Transform:
  m_ObjectHideFlags: 1
  m_PrefabParentObject: {fileID: 0}
  m_PrefabInternal: {fileID: 100100000}
  m_GameObject: {fileID: 1000013250024942}
  m_LocalRotation: {x: 0, y: -0, z: -0, w: 1}
  m_LocalPosition: {x: -0, y: 0, z: 0}
  m_LocalScale: {x: 1, y: 1, z: 1}
  m_LocalEulerAnglesHint: {x: 0, y: 0, z: 0}
  m_Children: []
  m_Father: {fileID: 4000012402591848}
  m_RootOrder: 0
--- !u!4 &4000011759426824
Transform:
  m_ObjectHideFlags: 1
  m_PrefabParentObject: {fileID: 0}
  m_PrefabInternal: {fileID: 100100000}
  m_GameObject: {fileID: 1000012529989366}
  m_LocalRotation: {x: 0.0033680038, y: 0.097811036, z: -0.0010548504, w: 0.9951988}
  m_LocalPosition: {x: 0.0033073951, y: -9.6589404e-17, z: -7.7271523e-16}
  m_LocalScale: {x: 1, y: 1, z: 1}
  m_LocalEulerAnglesHint: {x: 0, y: 0, z: 0}
  m_Children:
  - {fileID: 4000013105151618}
  m_Father: {fileID: 4000012075431444}
  m_RootOrder: 0
--- !u!4 &4000011897344136
Transform:
  m_ObjectHideFlags: 1
  m_PrefabParentObject: {fileID: 0}
  m_PrefabInternal: {fileID: 100100000}
  m_GameObject: {fileID: 1000010843825900}
  m_LocalRotation: {x: 0.70708406, y: 0.017642448, z: 0.70667344, w: -0.018262895}
  m_LocalPosition: {x: -0.020922557, y: 0.0009637951, z: 0.030280644}
  m_LocalScale: {x: 1, y: 1, z: 1}
  m_LocalEulerAnglesHint: {x: 0, y: 0, z: 0}
  m_Children:
  - {fileID: 4000011431484424}
  m_Father: {fileID: 4000013519653048}
  m_RootOrder: 1
--- !u!4 &4000011954610762
Transform:
  m_ObjectHideFlags: 1
  m_PrefabParentObject: {fileID: 0}
  m_PrefabInternal: {fileID: 100100000}
  m_GameObject: {fileID: 1000011033182904}
  m_LocalRotation: {x: 0, y: -0, z: -0, w: 1}
  m_LocalPosition: {x: 0.0049284, y: -0.00570683, z: -3.330669e-17}
  m_LocalScale: {x: 1, y: 1, z: 1}
  m_LocalEulerAnglesHint: {x: 0, y: 0, z: 0}
  m_Children: []
  m_Father: {fileID: 4000012442878928}
  m_RootOrder: 0
--- !u!4 &4000012075431444
Transform:
  m_ObjectHideFlags: 1
  m_PrefabParentObject: {fileID: 0}
  m_PrefabInternal: {fileID: 100100000}
  m_GameObject: {fileID: 1000012059920956}
  m_LocalRotation: {x: 0.004516596, y: 0.11095556, z: -0.007110604, w: 0.9937897}
  m_LocalPosition: {x: 0.0045906873, y: -6.994405e-17, z: -6.9277914e-16}
  m_LocalScale: {x: 1, y: 1, z: 1}
  m_LocalEulerAnglesHint: {x: 0, y: 0, z: 0}
  m_Children:
  - {fileID: 4000011759426824}
  m_Father: {fileID: 4000012668879272}
  m_RootOrder: 0
--- !u!4 &4000012402591848
Transform:
  m_ObjectHideFlags: 1
  m_PrefabParentObject: {fileID: 0}
  m_PrefabInternal: {fileID: 100100000}
  m_GameObject: {fileID: 1000012758590532}
  m_LocalRotation: {x: -0, y: -0.6706989, z: -0, w: 0.7417298}
  m_LocalPosition: {x: 0.588, y: 0, z: 23.35}
  m_LocalScale: {x: 1, y: 1, z: 1}
  m_LocalEulerAnglesHint: {x: 0, y: -84.40401, z: 0}
  m_Children:
  - {fileID: 4000011679318156}
  - {fileID: 4000011250122538}
  m_Father: {fileID: 0}
  m_RootOrder: 0
--- !u!4 &4000012442878928
Transform:
  m_ObjectHideFlags: 1
  m_PrefabParentObject: {fileID: 0}
  m_PrefabInternal: {fileID: 100100000}
  m_GameObject: {fileID: 1000010778330976}
  m_LocalRotation: {x: -0.21282654, y: 0.03579979, z: -0.062298223, w: 0.97444457}
  m_LocalPosition: {x: 0.022106336, y: 2.9143353e-17, z: 5.3290704e-17}
  m_LocalScale: {x: 1, y: 1, z: 1}
  m_LocalEulerAnglesHint: {x: 0, y: 0, z: 0}
  m_Children:
  - {fileID: 4000011954610762}
  m_Father: {fileID: 4000013174557012}
  m_RootOrder: 0
--- !u!4 &4000012469431450
Transform:
  m_ObjectHideFlags: 1
  m_PrefabParentObject: {fileID: 0}
  m_PrefabInternal: {fileID: 100100000}
  m_GameObject: {fileID: 1000013838744388}
  m_LocalRotation: {x: 0, y: 0, z: 0.020595752, w: 0.99978787}
  m_LocalPosition: {x: 0.044958197, y: -7.494005e-18, z: 0}
  m_LocalScale: {x: 1, y: 1, z: 1}
  m_LocalEulerAnglesHint: {x: 0, y: 0, z: 0}
  m_Children:
  - {fileID: 4000012668879272}
  m_Father: {fileID: 4000011077521300}
  m_RootOrder: 0
--- !u!4 &4000012551910354
Transform:
  m_ObjectHideFlags: 1
  m_PrefabParentObject: {fileID: 0}
  m_PrefabInternal: {fileID: 100100000}
  m_GameObject: {fileID: 1000013304422636}
  m_LocalRotation: {x: 0, y: 0, z: 0.15364401, w: 0.9881263}
  m_LocalPosition: {x: -0.02202322, y: -3.9968027e-17, z: 1.3322676e-17}
  m_LocalScale: {x: 1, y: 1, z: 1}
  m_LocalEulerAnglesHint: {x: 0, y: 0, z: 0}
  m_Children:
  - {fileID: 4000013374636326}
  m_Father: {fileID: 4000013607167998}
  m_RootOrder: 0
--- !u!4 &4000012668879272
Transform:
  m_ObjectHideFlags: 1
  m_PrefabParentObject: {fileID: 0}
  m_PrefabInternal: {fileID: 100100000}
  m_GameObject: {fileID: 1000013277600548}
  m_LocalRotation: {x: -0.0042685987, y: -0.17169501, z: 0.023301298, w: 0.9848653}
  m_LocalPosition: {x: 0.012373745, y: 2.8935188e-17, z: 3.3439916e-15}
  m_LocalScale: {x: 1, y: 1, z: 1}
  m_LocalEulerAnglesHint: {x: 0, y: 0, z: 0}
  m_Children:
  - {fileID: 4000012075431444}
  m_Father: {fileID: 4000012469431450}
  m_RootOrder: 0
--- !u!4 &4000012856772678
Transform:
  m_ObjectHideFlags: 1
  m_PrefabParentObject: {fileID: 0}
  m_PrefabInternal: {fileID: 100100000}
  m_GameObject: {fileID: 1000011839510944}
  m_LocalRotation: {x: -6.69828e-14, y: 0.0002823121, z: 0.021799939, w: 0.99976236}
  m_LocalPosition: {x: -0.023084946, y: 5.9879897e-15, z: -6.661338e-17}
  m_LocalScale: {x: 1, y: 1, z: 1}
  m_LocalEulerAnglesHint: {x: 0, y: 0, z: 0}
  m_Children:
  - {fileID: 4000010456611702}
  m_Father: {fileID: 4000013034803748}
  m_RootOrder: 0
--- !u!4 &4000013034803748
Transform:
  m_ObjectHideFlags: 1
  m_PrefabParentObject: {fileID: 0}
  m_PrefabInternal: {fileID: 100100000}
  m_GameObject: {fileID: 1000013758095352}
  m_LocalRotation: {x: 0.017642448, y: -0.70708406, z: 0.018262895, w: 0.70667344}
  m_LocalPosition: {x: -0.020922557, y: 0.0009637951, z: -0.030280644}
  m_LocalScale: {x: 1, y: 1, z: 1}
  m_LocalEulerAnglesHint: {x: 0, y: 0, z: 0}
  m_Children:
  - {fileID: 4000012856772678}
  m_Father: {fileID: 4000013519653048}
  m_RootOrder: 2
--- !u!4 &4000013105151618
Transform:
  m_ObjectHideFlags: 1
  m_PrefabParentObject: {fileID: 0}
  m_PrefabInternal: {fileID: 100100000}
  m_GameObject: {fileID: 1000010581160284}
  m_LocalRotation: {x: 0, y: -0, z: -0, w: 1}
  m_LocalPosition: {x: 0.0042350157, y: 1.0824674e-17, z: -1.1057821e-15}
  m_LocalScale: {x: 1, y: 1, z: 1}
  m_LocalEulerAnglesHint: {x: 0, y: 0, z: 0}
  m_Children: []
  m_Father: {fileID: 4000011759426824}
  m_RootOrder: 0
--- !u!4 &4000013130781578
Transform:
  m_ObjectHideFlags: 1
  m_PrefabParentObject: {fileID: 0}
  m_PrefabInternal: {fileID: 100100000}
  m_GameObject: {fileID: 1000012623621636}
  m_LocalRotation: {x: 0.48296383, y: -0.51647455, z: -0.48296383, w: 0.51647455}
  m_LocalPosition: {x: 7.567709e-17, y: 0.06821011, z: 0.000047162863}
  m_LocalScale: {x: 1, y: 1, z: 1}
  m_LocalEulerAnglesHint: {x: 0, y: 0, z: 0}
  m_Children:
  - {fileID: 4000011614855288}
  - {fileID: 4000013607167998}
  - {fileID: 4000013538871540}
  m_Father: {fileID: 4000011250122538}
  m_RootOrder: 0
--- !u!4 &4000013174557012
Transform:
  m_ObjectHideFlags: 1
  m_PrefabParentObject: {fileID: 0}
  m_PrefabInternal: {fileID: 100100000}
  m_GameObject: {fileID: 1000013239185214}
  m_LocalRotation: {x: 0, y: 0, z: 0.15364401, w: 0.9881263}
  m_LocalPosition: {x: 0.02202322, y: 3.330669e-17, z: 1.6653344e-17}
  m_LocalScale: {x: 1, y: 1, z: 1}
  m_LocalEulerAnglesHint: {x: 0, y: 0, z: 0}
  m_Children:
  - {fileID: 4000012442878928}
  m_Father: {fileID: 4000011614855288}
  m_RootOrder: 0
--- !u!4 &4000013374636326
Transform:
  m_ObjectHideFlags: 1
  m_PrefabParentObject: {fileID: 0}
  m_PrefabInternal: {fileID: 100100000}
  m_GameObject: {fileID: 1000013635542978}
  m_LocalRotation: {x: -0.21282654, y: 0.03579979, z: -0.062298223, w: 0.97444457}
  m_LocalPosition: {x: -0.022106336, y: -1.5820678e-17, z: 0}
  m_LocalScale: {x: 1, y: 1, z: 1}
  m_LocalEulerAnglesHint: {x: 0, y: 0, z: 0}
  m_Children:
  - {fileID: 4000013667353260}
  m_Father: {fileID: 4000012551910354}
  m_RootOrder: 0
--- !u!4 &4000013519653048
Transform:
  m_ObjectHideFlags: 1
  m_PrefabParentObject: {fileID: 0}
  m_PrefabInternal: {fileID: 100100000}
  m_GameObject: {fileID: 1000012494856988}
  m_LocalRotation: {x: 0, y: -0, z: -0.107023545, w: 0.9942565}
  m_LocalPosition: {x: -0.010042384, y: 0, z: -3.4297562e-17}
  m_LocalScale: {x: 1, y: 1, z: 1}
  m_LocalEulerAnglesHint: {x: 0, y: 0, z: 0}
  m_Children:
  - {fileID: 4000010995363552}
  - {fileID: 4000011897344136}
  - {fileID: 4000013034803748}
  m_Father: {fileID: 4000013538871540}
  m_RootOrder: 0
--- !u!4 &4000013538871540
Transform:
  m_ObjectHideFlags: 1
  m_PrefabParentObject: {fileID: 0}
  m_PrefabInternal: {fileID: 100100000}
  m_GameObject: {fileID: 1000013143271856}
  m_LocalRotation: {x: 0, y: 0, z: 0.0483775, w: 0.9988291}
  m_LocalPosition: {x: -0.0072778575, y: 1.6653345e-18, z: -4.375139e-17}
  m_LocalScale: {x: 1, y: 1, z: 1}
  m_LocalEulerAnglesHint: {x: 0, y: 0, z: 0}
  m_Children:
  - {fileID: 4000013519653048}
  m_Father: {fileID: 4000013130781578}
  m_RootOrder: 2
--- !u!4 &4000013607167998
Transform:
  m_ObjectHideFlags: 1
  m_PrefabParentObject: {fileID: 0}
  m_PrefabInternal: {fileID: 100100000}
  m_GameObject: {fileID: 1000013304657042}
  m_LocalRotation: {x: -0.05446808, y: 0.9897519, z: -0.1318738, w: 0.0058102105}
  m_LocalPosition: {x: 0.01611164, y: -0.0016756044, z: -0.025558082}
  m_LocalScale: {x: 1, y: 1, z: 1}
  m_LocalEulerAnglesHint: {x: 0, y: 0, z: 0}
  m_Children:
  - {fileID: 4000012551910354}
  m_Father: {fileID: 4000013130781578}
  m_RootOrder: 1
--- !u!4 &4000013667353260
Transform:
  m_ObjectHideFlags: 1
  m_PrefabParentObject: {fileID: 0}
  m_PrefabInternal: {fileID: 100100000}
  m_GameObject: {fileID: 1000011915182270}
  m_LocalRotation: {x: 0, y: -0, z: -0, w: 1}
  m_LocalPosition: {x: -0.0049284, y: 0.00570683, z: -6.661338e-18}
  m_LocalScale: {x: 1, y: 1, z: 1}
  m_LocalEulerAnglesHint: {x: 0, y: 0, z: 0}
  m_Children: []
  m_Father: {fileID: 4000013374636326}
  m_RootOrder: 0
--- !u!4 &4000013777268506
Transform:
  m_ObjectHideFlags: 1
  m_PrefabParentObject: {fileID: 0}
  m_PrefabInternal: {fileID: 100100000}
  m_GameObject: {fileID: 1000010122282268}
  m_LocalRotation: {x: -0.0042685987, y: -0.17169501, z: 0.023301298, w: 0.9848653}
  m_LocalPosition: {x: -0.012373745, y: -2.7894353e-17, z: -6.3016257e-15}
  m_LocalScale: {x: 1, y: 1, z: 1}
  m_LocalEulerAnglesHint: {x: 0, y: 0, z: 0}
  m_Children:
  - {fileID: 4000011378773964}
  m_Father: {fileID: 4000010089028066}
  m_RootOrder: 0
--- !u!4 &4000014293398980
Transform:
  m_ObjectHideFlags: 1
  m_PrefabParentObject: {fileID: 0}
  m_PrefabInternal: {fileID: 100100000}
  m_GameObject: {fileID: 1000012285583354}
  m_LocalRotation: {x: 0, y: -0, z: -0, w: 1}
  m_LocalPosition: {x: -0.014682066, y: -3.9551694e-17, z: -6.661338e-17}
  m_LocalScale: {x: 1, y: 1, z: 1}
  m_LocalEulerAnglesHint: {x: 0, y: 0, z: 0}
  m_Children:
  - {fileID: 4000010695266736}
  m_Father: {fileID: 4000010456611702}
  m_RootOrder: 0
--- !u!95 &95000010924953148
Animator:
  serializedVersion: 3
  m_ObjectHideFlags: 1
  m_PrefabParentObject: {fileID: 0}
  m_PrefabInternal: {fileID: 100100000}
  m_GameObject: {fileID: 1000012758590532}
  m_Enabled: 1
  m_Avatar: {fileID: 9000000, guid: 26df35ffcef5a574da400cfdf9f1420d, type: 3}
  m_Controller: {fileID: 9100000, guid: b0c31443903a7904cbe1d80e5ac2fd7a, type: 2}
  m_CullingMode: 1
  m_UpdateMode: 0
  m_ApplyRootMotion: 1
  m_LinearVelocityBlending: 0
  m_WarningMessage: 
  m_HasTransformHierarchy: 1
  m_AllowConstantClipSamplingOptimization: 1
--- !u!137 &137000013213168464
SkinnedMeshRenderer:
  m_ObjectHideFlags: 1
  m_PrefabParentObject: {fileID: 0}
  m_PrefabInternal: {fileID: 100100000}
  m_GameObject: {fileID: 1000013250024942}
  m_Enabled: 1
  m_CastShadows: 1
  m_ReceiveShadows: 1
  m_MotionVectors: 1
  m_LightProbeUsage: 1
  m_ReflectionProbeUsage: 1
  m_Materials:
  - {fileID: 2100000, guid: b475810502e729041ba1493b276526d1, type: 2}
  m_SubsetIndices: 
  m_StaticBatchRoot: {fileID: 0}
  m_ProbeAnchor: {fileID: 0}
  m_LightProbeVolumeOverride: {fileID: 0}
  m_ScaleInLightmap: 1
  m_PreserveUVs: 0
  m_IgnoreNormalsForChartDetection: 0
  m_ImportantGI: 0
  m_SelectedWireframeHidden: 0
  m_MinimumChartSize: 4
  m_AutoUVMaxDistance: 0.5
  m_AutoUVMaxAngle: 89
  m_LightmapParameters: {fileID: 0}
  m_SortingLayerID: 0
  m_SortingOrder: 0
  serializedVersion: 2
  m_Quality: 0
  m_UpdateWhenOffscreen: 0
  m_SkinnedMotionVectors: 1
  m_Mesh: {fileID: 4300000, guid: 26df35ffcef5a574da400cfdf9f1420d, type: 3}
  m_Bones:
  - {fileID: 4000013130781578}
  - {fileID: 4000013607167998}
  - {fileID: 4000012551910354}
  - {fileID: 4000013374636326}
  - {fileID: 4000013667353260}
  - {fileID: 4000013538871540}
  - {fileID: 4000013519653048}
  - {fileID: 4000013034803748}
  - {fileID: 4000012856772678}
  - {fileID: 4000010456611702}
  - {fileID: 4000014293398980}
  - {fileID: 4000010695266736}
  - {fileID: 4000010089028066}
  - {fileID: 4000013777268506}
  - {fileID: 4000011378773964}
  - {fileID: 4000010801470232}
  - {fileID: 4000010682248506}
  - {fileID: 4000010995363552}
  - {fileID: 4000010523214742}
  - {fileID: 4000010590429562}
  - {fileID: 4000011897344136}
  - {fileID: 4000011431484424}
  - {fileID: 4000011589095098}
  - {fileID: 4000011159343266}
  - {fileID: 4000011077521300}
  - {fileID: 4000012469431450}
  - {fileID: 4000012668879272}
  - {fileID: 4000012075431444}
  - {fileID: 4000011759426824}
  - {fileID: 4000013105151618}
  - {fileID: 4000011614855288}
  - {fileID: 4000013174557012}
  - {fileID: 4000012442878928}
  - {fileID: 4000011954610762}
  m_BlendShapeWeights: []
  m_RootBone: {fileID: 4000013130781578}
  m_AABB:
    m_Center: {x: -0.020269975, y: 0.0028421655, z: 0.000000007450581}
    m_Extent: {x: 0.09069109, y: 0.06388426, z: 0.16809726}
  m_DirtyAABB: 0
