%YAML 1.1
%TAG !u! tag:unity3d.com,2011:
--- !u!1001 &100100000
Prefab:
  m_ObjectHideFlags: 1
  serializedVersion: 2
  m_Modification:
    m_TransformParent: {fileID: 0}
    m_Modifications: []
    m_RemovedComponents: []
  m_ParentPrefab: {fileID: 0}
  m_RootGameObject: {fileID: 1000012304824482}
  m_IsPrefabParent: 1
--- !u!1 &1000011826132850
GameObject:
  m_ObjectHideFlags: 0
  m_PrefabParentObject: {fileID: 0}
  m_PrefabInternal: {fileID: 100100000}
  serializedVersion: 4
  m_Component:
  - 4: {fileID: 4000011594101016}
  - 33: {fileID: 33000012505119194}
  - 23: {fileID: 23000010699527414}
  - 95: {fileID: 95000013038997068}
  m_Layer: 0
  m_Name: scythe
  m_TagString: Untagged
  m_Icon: {fileID: 0}
  m_NavMeshLayer: 0
  m_StaticEditorFlags: 0
  m_IsActive: 1
--- !u!1 &1000012073199106
GameObject:
  m_ObjectHideFlags: 0
  m_PrefabParentObject: {fileID: 0}
  m_PrefabInternal: {fileID: 100100000}
  serializedVersion: 4
  m_Component:
  - 4: {fileID: 4000011833715616}
  - 33: {fileID: 33000010141726638}
  - 65: {fileID: 65000012021662616}
  - 114: {fileID: 114000012886379022}
  m_Layer: 10
  m_Name: FootCollider
  m_TagString: Club
  m_Icon: {fileID: 0}
  m_NavMeshLayer: 0
  m_StaticEditorFlags: 0
  m_IsActive: 1
--- !u!1 &1000012304824482
GameObject:
  m_ObjectHideFlags: 0
  m_PrefabParentObject: {fileID: 0}
  m_PrefabInternal: {fileID: 100100000}
  serializedVersion: 4
  m_Component:
  - 4: {fileID: 4000011480950016}
  - 114: {fileID: 114000013148196932}
  m_Layer: 10
  m_Name: Scyte
  m_TagString: Club
  m_Icon: {fileID: 0}
  m_NavMeshLayer: 0
  m_StaticEditorFlags: 0
  m_IsActive: 1
--- !u!4 &4000011480950016
Transform:
  m_ObjectHideFlags: 1
  m_PrefabParentObject: {fileID: 0}
  m_PrefabInternal: {fileID: 100100000}
  m_GameObject: {fileID: 1000012304824482}
  m_LocalRotation: {x: -0, y: -0, z: -0, w: 1}
  m_LocalPosition: {x: 0, y: 0, z: 0}
  m_LocalScale: {x: 1, y: 1, z: 1}
  m_LocalEulerAnglesHint: {x: 0, y: 0, z: 0}
  m_Children:
  - {fileID: 4000011833715616}
  - {fileID: 4000011594101016}
  m_Father: {fileID: 0}
  m_RootOrder: 0
--- !u!4 &4000011594101016
Transform:
  m_ObjectHideFlags: 1
  m_PrefabParentObject: {fileID: 0}
  m_PrefabInternal: {fileID: 100100000}
  m_GameObject: {fileID: 1000011826132850}
  m_LocalRotation: {x: 0.6999783, y: -0.10015212, z: 0.6999783, w: -0.1001521}
  m_LocalPosition: {x: 0, y: 0.746, z: -0.158}
  m_LocalScale: {x: 0.0100000035, y: 0.01, z: 0.0100000035}
  m_LocalEulerAnglesHint: {x: 0, y: 90.00001, z: 195.97499}
  m_Children: []
  m_Father: {fileID: 4000011480950016}
  m_RootOrder: 1
--- !u!4 &4000011833715616
Transform:
  m_ObjectHideFlags: 1
  m_PrefabParentObject: {fileID: 0}
  m_PrefabInternal: {fileID: 100100000}
  m_GameObject: {fileID: 1000012073199106}
  m_LocalRotation: {x: 0.18010052, y: 0.000000008789413, z: 0.000000019588061, w: 0.98364824}
  m_LocalPosition: {x: -0, y: 0.671, z: -0.193}
  m_LocalScale: {x: 0.03816664, y: 0.13176656, z: 0.50309867}
  m_LocalEulerAnglesHint: {x: 20.711, y: 0, z: 0}
  m_Children: []
  m_Father: {fileID: 4000011480950016}
  m_RootOrder: 0
--- !u!23 &23000010699527414
MeshRenderer:
  m_ObjectHideFlags: 1
  m_PrefabParentObject: {fileID: 0}
  m_PrefabInternal: {fileID: 100100000}
  m_GameObject: {fileID: 1000011826132850}
  m_Enabled: 1
  m_CastShadows: 1
  m_ReceiveShadows: 1
  m_MotionVectors: 1
  m_LightProbeUsage: 1
  m_ReflectionProbeUsage: 1
  m_Materials:
  - {fileID: 2100000, guid: a81d9737a8a743848908bbbe04953163, type: 2}
  m_SubsetIndices: 
  m_StaticBatchRoot: {fileID: 0}
  m_ProbeAnchor: {fileID: 0}
  m_LightProbeVolumeOverride: {fileID: 0}
  m_ScaleInLightmap: 1
  m_PreserveUVs: 0
  m_IgnoreNormalsForChartDetection: 0
  m_ImportantGI: 0
  m_SelectedWireframeHidden: 0
  m_MinimumChartSize: 4
  m_AutoUVMaxDistance: 0.5
  m_AutoUVMaxAngle: 89
  m_LightmapParameters: {fileID: 0}
  m_SortingLayerID: 0
  m_SortingOrder: 0
--- !u!33 &33000010141726638
MeshFilter:
  m_ObjectHideFlags: 1
  m_PrefabParentObject: {fileID: 0}
  m_PrefabInternal: {fileID: 100100000}
  m_GameObject: {fileID: 1000012073199106}
  m_Mesh: {fileID: 10202, guid: 0000000000000000e000000000000000, type: 0}
--- !u!33 &33000012505119194
MeshFilter:
  m_ObjectHideFlags: 1
  m_PrefabParentObject: {fileID: 0}
  m_PrefabInternal: {fileID: 100100000}
  m_GameObject: {fileID: 1000011826132850}
  m_Mesh: {fileID: 4300000, guid: 6550bfa27c7c94a05aed5f2f0db7cc9f, type: 3}
--- !u!65 &65000012021662616
BoxCollider:
  m_ObjectHideFlags: 1
  m_PrefabParentObject: {fileID: 0}
  m_PrefabInternal: {fileID: 100100000}
  m_GameObject: {fileID: 1000012073199106}
  m_Material: {fileID: 13400000, guid: e37a50edf6b05574e87bdc30821b9dad, type: 2}
  m_IsTrigger: 0
  m_Enabled: 1
  serializedVersion: 2
  m_Size: {x: 1, y: 1.5, z: 1}
  m_Center: {x: 0, y: 0, z: 0}
--- !u!95 &95000013038997068
Animator:
  serializedVersion: 3
  m_ObjectHideFlags: 1
  m_PrefabParentObject: {fileID: 0}
  m_PrefabInternal: {fileID: 100100000}
  m_GameObject: {fileID: 1000011826132850}
  m_Enabled: 1
  m_Avatar: {fileID: 9000000, guid: 6550bfa27c7c94a05aed5f2f0db7cc9f, type: 3}
  m_Controller: {fileID: 0}
  m_CullingMode: 0
  m_UpdateMode: 0
  m_ApplyRootMotion: 0
  m_LinearVelocityBlending: 0
  m_WarningMessage: 
  m_HasTransformHierarchy: 1
  m_AllowConstantClipSamplingOptimization: 1
--- !u!114 &114000012886379022
MonoBehaviour:
  m_ObjectHideFlags: 1
  m_PrefabParentObject: {fileID: 0}
  m_PrefabInternal: {fileID: 100100000}
  m_GameObject: {fileID: 1000012073199106}
  m_Enabled: 0
  m_EditorHideFlags: 0
  m_Script: {fileID: 11500000, guid: 9c98167309c947b449f42988cd5f3873, type: 3}
  m_Name: 
  m_EditorClassIdentifier: 
  multiplier: 3.5
--- !u!114 &114000013148196932
MonoBehaviour:
  m_ObjectHideFlags: 1
  m_PrefabParentObject: {fileID: 0}
  m_PrefabInternal: {fileID: 100100000}
  m_GameObject: {fileID: 1000012304824482}
  m_Enabled: 1
  m_EditorHideFlags: 0
  m_Script: {fileID: 11500000, guid: ac55eb8d0d5c5be49901212123cf203a, type: 3}
  m_Name: 
  m_EditorClassIdentifier: 
  putterNiceName: Scyte
