%YAML 1.1
%TAG !u! tag:unity3d.com,2011:
--- !u!1001 &100100000
Prefab:
  m_ObjectHideFlags: 1
  serializedVersion: 2
  m_Modification:
    m_TransformParent: {fileID: 0}
    m_Modifications: []
    m_RemovedComponents: []
  m_ParentPrefab: {fileID: 0}
  m_RootGameObject: {fileID: 1000011628698292}
  m_IsPrefabParent: 1
--- !u!1 &1000010112674190
GameObject:
  m_ObjectHideFlags: 0
  m_PrefabParentObject: {fileID: 0}
  m_PrefabInternal: {fileID: 100100000}
  serializedVersion: 4
  m_Component:
  - 4: {fileID: 4000011725017170}
  - 33: {fileID: 33000013378487594}
  - 23: {fileID: 23000014269122126}
  - 95: {fileID: 95000014050146706}
  m_Layer: 0
  m_Name: trafficlight01
  m_TagString: Untagged
  m_Icon: {fileID: 0}
  m_NavMeshLayer: 0
  m_StaticEditorFlags: 0
  m_IsActive: 1
--- !u!1 &1000011628698292
GameObject:
  m_ObjectHideFlags: 0
  m_PrefabParentObject: {fileID: 0}
  m_PrefabInternal: {fileID: 100100000}
  serializedVersion: 4
  m_Component:
  - 4: {fileID: 4000013284509950}
  - 114: {fileID: 114000013506707254}
  m_Layer: 10
  m_Name: TrafficLight 1
  m_TagString: Club
  m_Icon: {fileID: 0}
  m_NavMeshLayer: 0
  m_StaticEditorFlags: 0
  m_IsActive: 1
--- !u!1 &1000011672807088
GameObject:
  m_ObjectHideFlags: 0
  m_PrefabParentObject: {fileID: 0}
  m_PrefabInternal: {fileID: 100100000}
  serializedVersion: 4
  m_Component:
  - 4: {fileID: 4000013527220480}
  - 33: {fileID: 33000012694090772}
  - 65: {fileID: 65000010501410682}
  - 114: {fileID: 114000011809296910}
  m_Layer: 10
  m_Name: FootCollider
  m_TagString: Club
  m_Icon: {fileID: 0}
  m_NavMeshLayer: 0
  m_StaticEditorFlags: 0
  m_IsActive: 1
--- !u!4 &4000011725017170
Transform:
  m_ObjectHideFlags: 1
  m_PrefabParentObject: {fileID: 0}
  m_PrefabInternal: {fileID: 100100000}
  m_GameObject: {fileID: 1000010112674190}
  m_LocalRotation: {x: 0.6962319, y: -0.12353627, z: 0.6962319, w: -0.12353624}
  m_LocalPosition: {x: 0, y: 0.768, z: -0.194}
  m_LocalScale: {x: 0.0100000035, y: 0.01, z: 0.0100000035}
  m_LocalEulerAnglesHint: {x: 0, y: 90.00001, z: 199.84099}
  m_Children: []
  m_Father: {fileID: 4000013284509950}
  m_RootOrder: 1
--- !u!4 &4000013284509950
Transform:
  m_ObjectHideFlags: 1
  m_PrefabParentObject: {fileID: 0}
  m_PrefabInternal: {fileID: 100100000}
  m_GameObject: {fileID: 1000011628698292}
  m_LocalRotation: {x: -0, y: -0, z: -0, w: 1}
  m_LocalPosition: {x: 0, y: 0, z: 0}
  m_LocalScale: {x: 1, y: 1, z: 1}
  m_LocalEulerAnglesHint: {x: 0, y: 0, z: 0}
  m_Children:
  - {fileID: 4000013527220480}
  - {fileID: 4000011725017170}
  m_Father: {fileID: 0}
  m_RootOrder: 0
--- !u!4 &4000013527220480
Transform:
  m_ObjectHideFlags: 1
  m_PrefabParentObject: {fileID: 0}
  m_PrefabInternal: {fileID: 100100000}
  m_GameObject: {fileID: 1000011672807088}
  m_LocalRotation: {x: 0.18010052, y: 0.000000008789413, z: 0.000000019588061, w: 0.98364824}
  m_LocalPosition: {x: -0, y: 0.679, z: -0.229}
  m_LocalScale: {x: 0.03816664, y: 0.13932763, z: 0.22869104}
  m_LocalEulerAnglesHint: {x: 20.711, y: 0, z: 0}
  m_Children: []
  m_Father: {fileID: 4000013284509950}
  m_RootOrder: 0
--- !u!23 &23000014269122126
MeshRenderer:
  m_ObjectHideFlags: 1
  m_PrefabParentObject: {fileID: 0}
  m_PrefabInternal: {fileID: 100100000}
  m_GameObject: {fileID: 1000010112674190}
  m_Enabled: 1
  m_CastShadows: 1
  m_ReceiveShadows: 1
  m_MotionVectors: 1
  m_LightProbeUsage: 1
  m_ReflectionProbeUsage: 1
  m_Materials:
  - {fileID: 2100000, guid: a81d9737a8a743848908bbbe04953163, type: 2}
  m_SubsetIndices: 
  m_StaticBatchRoot: {fileID: 0}
  m_ProbeAnchor: {fileID: 0}
  m_LightProbeVolumeOverride: {fileID: 0}
  m_ScaleInLightmap: 1
  m_PreserveUVs: 0
  m_IgnoreNormalsForChartDetection: 0
  m_ImportantGI: 0
  m_SelectedWireframeHidden: 0
  m_MinimumChartSize: 4
  m_AutoUVMaxDistance: 0.5
  m_AutoUVMaxAngle: 89
  m_LightmapParameters: {fileID: 0}
  m_SortingLayerID: 0
  m_SortingOrder: 0
--- !u!33 &33000012694090772
MeshFilter:
  m_ObjectHideFlags: 1
  m_PrefabParentObject: {fileID: 0}
  m_PrefabInternal: {fileID: 100100000}
  m_GameObject: {fileID: 1000011672807088}
  m_Mesh: {fileID: 10202, guid: 0000000000000000e000000000000000, type: 0}
--- !u!33 &33000013378487594
MeshFilter:
  m_ObjectHideFlags: 1
  m_PrefabParentObject: {fileID: 0}
  m_PrefabInternal: {fileID: 100100000}
  m_GameObject: {fileID: 1000010112674190}
  m_Mesh: {fileID: 4300000, guid: 5c26d57435c3b472287b50c545451c3d, type: 3}
--- !u!65 &65000010501410682
BoxCollider:
  m_ObjectHideFlags: 1
  m_PrefabParentObject: {fileID: 0}
  m_PrefabInternal: {fileID: 100100000}
  m_GameObject: {fileID: 1000011672807088}
  m_Material: {fileID: 13400000, guid: e37a50edf6b05574e87bdc30821b9dad, type: 2}
  m_IsTrigger: 0
  m_Enabled: 1
  serializedVersion: 2
  m_Size: {x: 1, y: 1.5, z: 1}
  m_Center: {x: 0, y: 0, z: 0}
--- !u!95 &95000014050146706
Animator:
  serializedVersion: 3
  m_ObjectHideFlags: 1
  m_PrefabParentObject: {fileID: 0}
  m_PrefabInternal: {fileID: 100100000}
  m_GameObject: {fileID: 1000010112674190}
  m_Enabled: 1
  m_Avatar: {fileID: 9000000, guid: 5c26d57435c3b472287b50c545451c3d, type: 3}
  m_Controller: {fileID: 0}
  m_CullingMode: 0
  m_UpdateMode: 0
  m_ApplyRootMotion: 0
  m_LinearVelocityBlending: 0
  m_WarningMessage: 
  m_HasTransformHierarchy: 1
  m_AllowConstantClipSamplingOptimization: 1
--- !u!114 &114000011809296910
MonoBehaviour:
  m_ObjectHideFlags: 1
  m_PrefabParentObject: {fileID: 0}
  m_PrefabInternal: {fileID: 100100000}
  m_GameObject: {fileID: 1000011672807088}
  m_Enabled: 0
  m_EditorHideFlags: 0
  m_Script: {fileID: 11500000, guid: 9c98167309c947b449f42988cd5f3873, type: 3}
  m_Name: 
  m_EditorClassIdentifier: 
  multiplier: 3.5
--- !u!114 &114000013506707254
MonoBehaviour:
  m_ObjectHideFlags: 1
  m_PrefabParentObject: {fileID: 0}
  m_PrefabInternal: {fileID: 100100000}
  m_GameObject: {fileID: 1000011628698292}
  m_Enabled: 1
  m_EditorHideFlags: 0
  m_Script: {fileID: 11500000, guid: ac55eb8d0d5c5be49901212123cf203a, type: 3}
  m_Name: 
  m_EditorClassIdentifier: 
  putterNiceName: Traffic Light
